%YAML 1.1
%TAG !u! tag:unity3d.com,2011:
--- !u!29 &1
OcclusionCullingSettings:
  m_ObjectHideFlags: 0
  serializedVersion: 2
  m_OcclusionBakeSettings:
    smallestOccluder: 5
    smallestHole: 0.25
    backfaceThreshold: 100
  m_SceneGUID: 00000000000000000000000000000000
  m_OcclusionCullingData: {fileID: 0}
--- !u!104 &2
RenderSettings:
  m_ObjectHideFlags: 0
  serializedVersion: 9
  m_Fog: 0
  m_FogColor: {r: 0.5, g: 0.5, b: 0.5, a: 1}
  m_FogMode: 3
  m_FogDensity: 0.01
  m_LinearFogStart: 0
  m_LinearFogEnd: 300
  m_AmbientSkyColor: {r: 0.212, g: 0.227, b: 0.259, a: 1}
  m_AmbientEquatorColor: {r: 0.114, g: 0.125, b: 0.133, a: 1}
  m_AmbientGroundColor: {r: 0.047, g: 0.043, b: 0.035, a: 1}
  m_AmbientIntensity: 1
  m_AmbientMode: 0
  m_SubtractiveShadowColor: {r: 0.42, g: 0.478, b: 0.627, a: 1}
  m_SkyboxMaterial: {fileID: 10304, guid: 0000000000000000f000000000000000, type: 0}
  m_HaloStrength: 0.5
  m_FlareStrength: 1
  m_FlareFadeSpeed: 3
  m_HaloTexture: {fileID: 0}
  m_SpotCookie: {fileID: 10001, guid: 0000000000000000e000000000000000, type: 0}
  m_DefaultReflectionMode: 0
  m_DefaultReflectionResolution: 128
  m_ReflectionBounces: 1
  m_ReflectionIntensity: 1
  m_CustomReflection: {fileID: 0}
  m_Sun: {fileID: 170076734}
  m_IndirectSpecularColor: {r: 0.44657898, g: 0.4964133, b: 0.5748178, a: 1}
  m_UseRadianceAmbientProbe: 0
--- !u!157 &3
LightmapSettings:
  m_ObjectHideFlags: 0
  serializedVersion: 12
  m_GIWorkflowMode: 0
  m_GISettings:
    serializedVersion: 2
    m_BounceScale: 1
    m_IndirectOutputScale: 1
    m_AlbedoBoost: 1
    m_EnvironmentLightingMode: 0
    m_EnableBakedLightmaps: 1
    m_EnableRealtimeLightmaps: 0
  m_LightmapEditorSettings:
    serializedVersion: 12
    m_Resolution: 2
    m_BakeResolution: 10
    m_AtlasSize: 512
    m_AO: 0
    m_AOMaxDistance: 1
    m_CompAOExponent: 1
    m_CompAOExponentDirect: 0
    m_ExtractAmbientOcclusion: 0
    m_Padding: 2
    m_LightmapParameters: {fileID: 0}
    m_LightmapsBakeMode: 1
    m_TextureCompression: 1
    m_FinalGather: 0
    m_FinalGatherFiltering: 1
    m_FinalGatherRayCount: 256
    m_ReflectionCompression: 2
    m_MixedBakeMode: 2
    m_BakeBackend: 1
    m_PVRSampling: 1
    m_PVRDirectSampleCount: 32
    m_PVRSampleCount: 256
    m_PVRBounces: 2
    m_PVREnvironmentSampleCount: 256
    m_PVREnvironmentReferencePointCount: 2048
    m_PVRFilteringMode: 2
    m_PVRDenoiserTypeDirect: 0
    m_PVRDenoiserTypeIndirect: 0
    m_PVRDenoiserTypeAO: 0
    m_PVRFilterTypeDirect: 0
    m_PVRFilterTypeIndirect: 0
    m_PVRFilterTypeAO: 0
    m_PVREnvironmentMIS: 0
    m_PVRCulling: 1
    m_PVRFilteringGaussRadiusDirect: 1
    m_PVRFilteringGaussRadiusIndirect: 5
    m_PVRFilteringGaussRadiusAO: 2
    m_PVRFilteringAtrousPositionSigmaDirect: 0.5
    m_PVRFilteringAtrousPositionSigmaIndirect: 2
    m_PVRFilteringAtrousPositionSigmaAO: 1
    m_ExportTrainingData: 0
    m_TrainingDataDestination: TrainingData
    m_LightProbeSampleCountMultiplier: 4
  m_LightingDataAsset: {fileID: 0}
  m_LightingSettings: {fileID: 1176874005}
--- !u!196 &4
NavMeshSettings:
  serializedVersion: 2
  m_ObjectHideFlags: 0
  m_BuildSettings:
    serializedVersion: 2
    agentTypeID: 0
    agentRadius: 0.5
    agentHeight: 2
    agentSlope: 45
    agentClimb: 0.4
    ledgeDropHeight: 0
    maxJumpAcrossDistance: 0
    minRegionArea: 2
    manualCellSize: 0
    cellSize: 0.16666667
    manualTileSize: 0
    tileSize: 256
    accuratePlacement: 0
    maxJobWorkers: 0
    preserveTilesOutsideBounds: 0
    debug:
      m_Flags: 0
  m_NavMeshData: {fileID: 0}
--- !u!1 &167221908
GameObject:
  m_ObjectHideFlags: 0
  m_CorrespondingSourceObject: {fileID: 0}
  m_PrefabInstance: {fileID: 0}
  m_PrefabAsset: {fileID: 0}
  serializedVersion: 6
  m_Component:
  - component: {fileID: 167221910}
  - component: {fileID: 167221911}
  m_Layer: 0
  m_Name: WinManager
  m_TagString: Untagged
  m_Icon: {fileID: 0}
  m_NavMeshLayer: 0
  m_StaticEditorFlags: 0
  m_IsActive: 1
--- !u!4 &167221910
Transform:
  m_ObjectHideFlags: 0
  m_CorrespondingSourceObject: {fileID: 0}
  m_PrefabInstance: {fileID: 0}
  m_PrefabAsset: {fileID: 0}
  m_GameObject: {fileID: 167221908}
  m_LocalRotation: {x: 0, y: 0, z: 0, w: 1}
  m_LocalPosition: {x: 960.00024, y: 540.0001, z: 0}
  m_LocalScale: {x: 1, y: 1, z: 1}
  m_ConstrainProportionsScale: 0
  m_Children: []
  m_Father: {fileID: 0}
  m_RootOrder: 4
  m_LocalEulerAnglesHint: {x: 0, y: 0, z: 0}
--- !u!114 &167221911
MonoBehaviour:
  m_ObjectHideFlags: 0
  m_CorrespondingSourceObject: {fileID: 0}
  m_PrefabInstance: {fileID: 0}
  m_PrefabAsset: {fileID: 0}
  m_GameObject: {fileID: 167221908}
  m_Enabled: 1
  m_EditorHideFlags: 0
  m_Script: {fileID: 11500000, guid: 9b82fca7cf003dc47bb7480cf79972c1, type: 3}
  m_Name: 
  m_EditorClassIdentifier: 
  tempMusicToggle: 1
  bgm: {fileID: 8300000, guid: 8590d2cd814c7164a82f380d11a6c7cc, type: 3}
  bgmLoopingPoint: 100
  maskAnim: {fileID: 513527237}
  nextScene: MenuState
--- !u!1 &170076733
GameObject:
  m_ObjectHideFlags: 0
  m_CorrespondingSourceObject: {fileID: 0}
  m_PrefabInstance: {fileID: 0}
  m_PrefabAsset: {fileID: 0}
  serializedVersion: 6
  m_Component:
  - component: {fileID: 170076735}
  - component: {fileID: 170076734}
  m_Layer: 0
  m_Name: Directional Light
  m_TagString: Untagged
  m_Icon: {fileID: 0}
  m_NavMeshLayer: 0
  m_StaticEditorFlags: 0
  m_IsActive: 1
--- !u!108 &170076734
Light:
  m_ObjectHideFlags: 0
  m_CorrespondingSourceObject: {fileID: 0}
  m_PrefabInstance: {fileID: 0}
  m_PrefabAsset: {fileID: 0}
  m_GameObject: {fileID: 170076733}
  m_Enabled: 1
  serializedVersion: 10
  m_Type: 1
  m_Shape: 0
  m_Color: {r: 1, g: 0.95686275, b: 0.8392157, a: 1}
  m_Intensity: 1
  m_Range: 10
  m_SpotAngle: 30
  m_InnerSpotAngle: 21.80208
  m_CookieSize: 10
  m_Shadows:
    m_Type: 2
    m_Resolution: -1
    m_CustomResolution: -1
    m_Strength: 1
    m_Bias: 0.05
    m_NormalBias: 0.4
    m_NearPlane: 0.2
    m_CullingMatrixOverride:
      e00: 1
      e01: 0
      e02: 0
      e03: 0
      e10: 0
      e11: 1
      e12: 0
      e13: 0
      e20: 0
      e21: 0
      e22: 1
      e23: 0
      e30: 0
      e31: 0
      e32: 0
      e33: 1
    m_UseCullingMatrixOverride: 0
  m_Cookie: {fileID: 0}
  m_DrawHalo: 0
  m_Flare: {fileID: 0}
  m_RenderMode: 0
  m_CullingMask:
    serializedVersion: 2
    m_Bits: 4294967295
  m_RenderingLayerMask: 1
  m_Lightmapping: 1
  m_LightShadowCasterMode: 0
  m_AreaSize: {x: 1, y: 1}
  m_BounceIntensity: 1
  m_ColorTemperature: 6570
  m_UseColorTemperature: 0
  m_BoundingSphereOverride: {x: 0, y: 0, z: 0, w: 0}
  m_UseBoundingSphereOverride: 0
  m_UseViewFrustumForShadowCasterCull: 1
  m_ShadowRadius: 0
  m_ShadowAngle: 0
--- !u!4 &170076735
Transform:
  m_ObjectHideFlags: 0
  m_CorrespondingSourceObject: {fileID: 0}
  m_PrefabInstance: {fileID: 0}
  m_PrefabAsset: {fileID: 0}
  m_GameObject: {fileID: 170076733}
  m_LocalRotation: {x: 0.40821788, y: -0.23456968, z: 0.10938163, w: 0.8754261}
  m_LocalPosition: {x: 0, y: 3, z: 0}
  m_LocalScale: {x: 1, y: 1, z: 1}
  m_ConstrainProportionsScale: 0
  m_Children: []
  m_Father: {fileID: 0}
  m_RootOrder: 2
  m_LocalEulerAnglesHint: {x: 50, y: -30, z: 0}
--- !u!1 &351406721
GameObject:
  m_ObjectHideFlags: 0
  m_CorrespondingSourceObject: {fileID: 0}
  m_PrefabInstance: {fileID: 0}
  m_PrefabAsset: {fileID: 0}
  serializedVersion: 6
  m_Component:
  - component: {fileID: 351406722}
  - component: {fileID: 351406723}
  m_Layer: 0
  m_Name: Layers
  m_TagString: Untagged
  m_Icon: {fileID: 0}
  m_NavMeshLayer: 0
  m_StaticEditorFlags: 0
  m_IsActive: 1
--- !u!4 &351406722
Transform:
  m_ObjectHideFlags: 0
  m_CorrespondingSourceObject: {fileID: 0}
  m_PrefabInstance: {fileID: 0}
  m_PrefabAsset: {fileID: 0}
  m_GameObject: {fileID: 351406721}
  m_LocalRotation: {x: 0, y: 0, z: 0, w: 1}
  m_LocalPosition: {x: 0, y: 0, z: 0}
  m_LocalScale: {x: 1, y: 1, z: 1}
  m_ConstrainProportionsScale: 0
  m_Children:
  - {fileID: 2038529510}
  m_Father: {fileID: 2075039176}
  m_RootOrder: 0
  m_LocalEulerAnglesHint: {x: 0, y: 0, z: 0}
--- !u!95 &351406723
Animator:
  serializedVersion: 4
  m_ObjectHideFlags: 0
  m_CorrespondingSourceObject: {fileID: 0}
  m_PrefabInstance: {fileID: 0}
  m_PrefabAsset: {fileID: 0}
  m_GameObject: {fileID: 351406721}
  m_Enabled: 1
  m_Avatar: {fileID: 0}
  m_Controller: {fileID: 9100000, guid: 66ad5ac080988e048a5d63ea8e0bbfcf, type: 2}
  m_CullingMode: 0
  m_UpdateMode: 0
  m_ApplyRootMotion: 0
  m_LinearVelocityBlending: 0
  m_StabilizeFeet: 0
  m_WarningMessage: 
  m_HasTransformHierarchy: 1
  m_AllowConstantClipSamplingOptimization: 1
  m_KeepAnimatorControllerStateOnDisable: 0
--- !u!1 &415479564
GameObject:
  m_ObjectHideFlags: 0
  m_CorrespondingSourceObject: {fileID: 0}
  m_PrefabInstance: {fileID: 0}
  m_PrefabAsset: {fileID: 0}
  serializedVersion: 6
  m_Component:
  - component: {fileID: 415479568}
  - component: {fileID: 415479567}
  - component: {fileID: 415479566}
  - component: {fileID: 415479565}
  - component: {fileID: 415479569}
  m_Layer: 5
  m_Name: Canvas
  m_TagString: Untagged
  m_Icon: {fileID: 0}
  m_NavMeshLayer: 0
  m_StaticEditorFlags: 0
  m_IsActive: 1
--- !u!114 &415479565
MonoBehaviour:
  m_ObjectHideFlags: 0
  m_CorrespondingSourceObject: {fileID: 0}
  m_PrefabInstance: {fileID: 0}
  m_PrefabAsset: {fileID: 0}
  m_GameObject: {fileID: 415479564}
  m_Enabled: 1
  m_EditorHideFlags: 0
  m_Script: {fileID: 11500000, guid: dc42784cf147c0c48a680349fa168899, type: 3}
  m_Name: 
  m_EditorClassIdentifier: 
  m_IgnoreReversedGraphics: 1
  m_BlockingObjects: 0
  m_BlockingMask:
    serializedVersion: 2
    m_Bits: 4294967295
--- !u!114 &415479566
MonoBehaviour:
  m_ObjectHideFlags: 0
  m_CorrespondingSourceObject: {fileID: 0}
  m_PrefabInstance: {fileID: 0}
  m_PrefabAsset: {fileID: 0}
  m_GameObject: {fileID: 415479564}
  m_Enabled: 1
  m_EditorHideFlags: 0
  m_Script: {fileID: 11500000, guid: 0cd44c1031e13a943bb63640046fad76, type: 3}
  m_Name: 
  m_EditorClassIdentifier: 
  m_UiScaleMode: 1
  m_ReferencePixelsPerUnit: 100
  m_ScaleFactor: 1
  m_ReferenceResolution: {x: 1920, y: 1920}
  m_ScreenMatchMode: 0
  m_MatchWidthOrHeight: 1
  m_PhysicalUnit: 3
  m_FallbackScreenDPI: 96
  m_DefaultSpriteDPI: 96
  m_DynamicPixelsPerUnit: 1
  m_PresetInfoIsWorld: 0
--- !u!223 &415479567
Canvas:
  m_ObjectHideFlags: 0
  m_CorrespondingSourceObject: {fileID: 0}
  m_PrefabInstance: {fileID: 0}
  m_PrefabAsset: {fileID: 0}
  m_GameObject: {fileID: 415479564}
  m_Enabled: 1
  serializedVersion: 3
  m_RenderMode: 0
  m_Camera: {fileID: 0}
  m_PlaneDistance: 100
  m_PixelPerfect: 0
  m_ReceivesEvents: 1
  m_OverrideSorting: 0
  m_OverridePixelPerfect: 0
  m_SortingBucketNormalizedSize: 0
  m_AdditionalShaderChannelsFlag: 1
  m_SortingLayerID: 0
  m_SortingOrder: 0
  m_TargetDisplay: 0
--- !u!224 &415479568
RectTransform:
  m_ObjectHideFlags: 0
  m_CorrespondingSourceObject: {fileID: 0}
  m_PrefabInstance: {fileID: 0}
  m_PrefabAsset: {fileID: 0}
  m_GameObject: {fileID: 415479564}
  m_LocalRotation: {x: 0, y: 0, z: 0, w: 1}
  m_LocalPosition: {x: 0, y: 0, z: 0}
  m_LocalScale: {x: 0, y: 0, z: 0}
  m_ConstrainProportionsScale: 0
  m_Children:
  - {fileID: 1371469744}
  - {fileID: 513527233}
  m_Father: {fileID: 0}
  m_RootOrder: 6
  m_LocalEulerAnglesHint: {x: 0, y: 0, z: 0}
  m_AnchorMin: {x: 0, y: 0}
  m_AnchorMax: {x: 0, y: 0}
  m_AnchoredPosition: {x: 0, y: 0}
  m_SizeDelta: {x: 0, y: 0}
  m_Pivot: {x: 0, y: 0}
--- !u!114 &415479569
MonoBehaviour:
  m_ObjectHideFlags: 0
  m_CorrespondingSourceObject: {fileID: 0}
  m_PrefabInstance: {fileID: 0}
  m_PrefabAsset: {fileID: 0}
  m_GameObject: {fileID: 415479564}
  m_Enabled: 1
  m_EditorHideFlags: 0
  m_Script: {fileID: 11500000, guid: 357197e842d24f043997faa5cad38067, type: 3}
  m_Name: 
  m_EditorClassIdentifier: 
  reference: {fileID: 11400000, guid: c78990fd74318604aa939f2ba7b8f0db, type: 2}
--- !u!1001 &513527232
PrefabInstance:
  m_ObjectHideFlags: 0
  serializedVersion: 2
  m_Modification:
    m_TransformParent: {fileID: 415479568}
    m_Modifications:
    - target: {fileID: 5149086280350245692, guid: b0f24c01bdb0c5043947615d8d4190e5, type: 3}
      propertyPath: m_Pivot.x
      value: 0.5
      objectReference: {fileID: 0}
    - target: {fileID: 5149086280350245692, guid: b0f24c01bdb0c5043947615d8d4190e5, type: 3}
      propertyPath: m_Pivot.y
      value: 0.5
      objectReference: {fileID: 0}
    - target: {fileID: 5149086280350245692, guid: b0f24c01bdb0c5043947615d8d4190e5, type: 3}
      propertyPath: m_RootOrder
      value: 2
      objectReference: {fileID: 0}
    - target: {fileID: 5149086280350245692, guid: b0f24c01bdb0c5043947615d8d4190e5, type: 3}
      propertyPath: m_AnchorMax.x
      value: 1
      objectReference: {fileID: 0}
    - target: {fileID: 5149086280350245692, guid: b0f24c01bdb0c5043947615d8d4190e5, type: 3}
      propertyPath: m_AnchorMax.y
      value: 1
      objectReference: {fileID: 0}
    - target: {fileID: 5149086280350245692, guid: b0f24c01bdb0c5043947615d8d4190e5, type: 3}
      propertyPath: m_AnchorMin.x
      value: 0
      objectReference: {fileID: 0}
    - target: {fileID: 5149086280350245692, guid: b0f24c01bdb0c5043947615d8d4190e5, type: 3}
      propertyPath: m_AnchorMin.y
      value: 0
      objectReference: {fileID: 0}
    - target: {fileID: 5149086280350245692, guid: b0f24c01bdb0c5043947615d8d4190e5, type: 3}
      propertyPath: m_SizeDelta.x
      value: 0
      objectReference: {fileID: 0}
    - target: {fileID: 5149086280350245692, guid: b0f24c01bdb0c5043947615d8d4190e5, type: 3}
      propertyPath: m_SizeDelta.y
      value: 0
      objectReference: {fileID: 0}
    - target: {fileID: 5149086280350245692, guid: b0f24c01bdb0c5043947615d8d4190e5, type: 3}
      propertyPath: m_LocalScale.x
      value: 0.9999998
      objectReference: {fileID: 0}
    - target: {fileID: 5149086280350245692, guid: b0f24c01bdb0c5043947615d8d4190e5, type: 3}
      propertyPath: m_LocalScale.y
      value: 0.9999998
      objectReference: {fileID: 0}
    - target: {fileID: 5149086280350245692, guid: b0f24c01bdb0c5043947615d8d4190e5, type: 3}
      propertyPath: m_LocalScale.z
      value: 0.9999998
      objectReference: {fileID: 0}
    - target: {fileID: 5149086280350245692, guid: b0f24c01bdb0c5043947615d8d4190e5, type: 3}
      propertyPath: m_LocalPosition.x
      value: 0
      objectReference: {fileID: 0}
    - target: {fileID: 5149086280350245692, guid: b0f24c01bdb0c5043947615d8d4190e5, type: 3}
      propertyPath: m_LocalPosition.y
      value: 0
      objectReference: {fileID: 0}
    - target: {fileID: 5149086280350245692, guid: b0f24c01bdb0c5043947615d8d4190e5, type: 3}
      propertyPath: m_LocalPosition.z
      value: 0
      objectReference: {fileID: 0}
    - target: {fileID: 5149086280350245692, guid: b0f24c01bdb0c5043947615d8d4190e5, type: 3}
      propertyPath: m_LocalRotation.w
      value: 1
      objectReference: {fileID: 0}
    - target: {fileID: 5149086280350245692, guid: b0f24c01bdb0c5043947615d8d4190e5, type: 3}
      propertyPath: m_LocalRotation.x
      value: -0
      objectReference: {fileID: 0}
    - target: {fileID: 5149086280350245692, guid: b0f24c01bdb0c5043947615d8d4190e5, type: 3}
      propertyPath: m_LocalRotation.y
      value: -0
      objectReference: {fileID: 0}
    - target: {fileID: 5149086280350245692, guid: b0f24c01bdb0c5043947615d8d4190e5, type: 3}
      propertyPath: m_LocalRotation.z
      value: -0
      objectReference: {fileID: 0}
    - target: {fileID: 5149086280350245692, guid: b0f24c01bdb0c5043947615d8d4190e5, type: 3}
      propertyPath: m_AnchoredPosition.x
      value: 0
      objectReference: {fileID: 0}
    - target: {fileID: 5149086280350245692, guid: b0f24c01bdb0c5043947615d8d4190e5, type: 3}
      propertyPath: m_AnchoredPosition.y
      value: 0
      objectReference: {fileID: 0}
    - target: {fileID: 5149086280350245692, guid: b0f24c01bdb0c5043947615d8d4190e5, type: 3}
      propertyPath: m_LocalEulerAnglesHint.x
      value: 0
      objectReference: {fileID: 0}
    - target: {fileID: 5149086280350245692, guid: b0f24c01bdb0c5043947615d8d4190e5, type: 3}
      propertyPath: m_LocalEulerAnglesHint.y
      value: 0
      objectReference: {fileID: 0}
    - target: {fileID: 5149086280350245692, guid: b0f24c01bdb0c5043947615d8d4190e5, type: 3}
      propertyPath: m_LocalEulerAnglesHint.z
      value: 0
      objectReference: {fileID: 0}
    - target: {fileID: 5149086280350245695, guid: b0f24c01bdb0c5043947615d8d4190e5, type: 3}
      propertyPath: m_Name
      value: BlackMask
      objectReference: {fileID: 0}
    m_RemovedComponents: []
  m_SourcePrefab: {fileID: 100100000, guid: b0f24c01bdb0c5043947615d8d4190e5, type: 3}
--- !u!224 &513527233 stripped
RectTransform:
  m_CorrespondingSourceObject: {fileID: 5149086280350245692, guid: b0f24c01bdb0c5043947615d8d4190e5, type: 3}
  m_PrefabInstance: {fileID: 513527232}
  m_PrefabAsset: {fileID: 0}
--- !u!1 &513527234 stripped
GameObject:
  m_CorrespondingSourceObject: {fileID: 5149086280350245695, guid: b0f24c01bdb0c5043947615d8d4190e5, type: 3}
  m_PrefabInstance: {fileID: 513527232}
  m_PrefabAsset: {fileID: 0}
--- !u!114 &513527235 stripped
MonoBehaviour:
  m_CorrespondingSourceObject: {fileID: 5149086280350245682, guid: b0f24c01bdb0c5043947615d8d4190e5, type: 3}
  m_PrefabInstance: {fileID: 513527232}
  m_PrefabAsset: {fileID: 0}
  m_GameObject: {fileID: 513527234}
  m_Enabled: 1
  m_EditorHideFlags: 0
  m_Script: {fileID: 11500000, guid: fe87c0e1cc204ed48ad3b37840f39efc, type: 3}
  m_Name: 
  m_EditorClassIdentifier: 
--- !u!222 &513527236 stripped
CanvasRenderer:
  m_CorrespondingSourceObject: {fileID: 5149086280350245683, guid: b0f24c01bdb0c5043947615d8d4190e5, type: 3}
  m_PrefabInstance: {fileID: 513527232}
  m_PrefabAsset: {fileID: 0}
--- !u!95 &513527237 stripped
Animator:
  m_CorrespondingSourceObject: {fileID: 5149086280350245693, guid: b0f24c01bdb0c5043947615d8d4190e5, type: 3}
  m_PrefabInstance: {fileID: 513527232}
  m_PrefabAsset: {fileID: 0}
--- !u!1 &534669902
GameObject:
  m_ObjectHideFlags: 0
  m_CorrespondingSourceObject: {fileID: 0}
  m_PrefabInstance: {fileID: 0}
  m_PrefabAsset: {fileID: 0}
  serializedVersion: 6
  m_Component:
  - component: {fileID: 534669905}
  - component: {fileID: 534669904}
  - component: {fileID: 534669903}
  - component: {fileID: 534669906}
  - component: {fileID: 534669907}
  - component: {fileID: 534669908}
  m_Layer: 0
  m_Name: Main Camera
  m_TagString: MainCamera
  m_Icon: {fileID: 0}
  m_NavMeshLayer: 0
  m_StaticEditorFlags: 0
  m_IsActive: 1
--- !u!81 &534669903
AudioListener:
  m_ObjectHideFlags: 0
  m_CorrespondingSourceObject: {fileID: 0}
  m_PrefabInstance: {fileID: 0}
  m_PrefabAsset: {fileID: 0}
  m_GameObject: {fileID: 534669902}
  m_Enabled: 1
--- !u!20 &534669904
Camera:
  m_ObjectHideFlags: 0
  m_CorrespondingSourceObject: {fileID: 0}
  m_PrefabInstance: {fileID: 0}
  m_PrefabAsset: {fileID: 0}
  m_GameObject: {fileID: 534669902}
  m_Enabled: 1
  serializedVersion: 2
  m_ClearFlags: 2
  m_BackGroundColor: {r: 0, g: 0, b: 0, a: 0}
  m_projectionMatrixMode: 1
  m_GateFitMode: 2
  m_FOVAxisMode: 0
  m_SensorSize: {x: 36, y: 24}
  m_LensShift: {x: 0, y: 0}
  m_FocalLength: 50
  m_NormalizedViewPortRect:
    serializedVersion: 2
    x: 0.17019543
    y: 0
    width: 0.65960914
    height: 1
  near clip plane: 0.3
  far clip plane: 1000
  field of view: 26.991467
  orthographic: 0
  orthographic size: 5
  m_Depth: -1
  m_CullingMask:
    serializedVersion: 2
    m_Bits: 2147483647
  m_RenderingPath: -1
  m_TargetTexture: {fileID: 0}
  m_TargetDisplay: 0
  m_TargetEye: 3
  m_HDR: 1
  m_AllowMSAA: 1
  m_AllowDynamicResolution: 0
  m_ForceIntoRT: 0
  m_OcclusionCulling: 1
  m_StereoConvergence: 10
  m_StereoSeparation: 0.022
--- !u!4 &534669905
Transform:
  m_ObjectHideFlags: 0
  m_CorrespondingSourceObject: {fileID: 0}
  m_PrefabInstance: {fileID: 0}
  m_PrefabAsset: {fileID: 0}
  m_GameObject: {fileID: 534669902}
  m_LocalRotation: {x: 0, y: 0, z: 0, w: 1}
  m_LocalPosition: {x: 0, y: 0, z: 0}
  m_LocalScale: {x: 1, y: 1, z: 1}
  m_ConstrainProportionsScale: 0
  m_Children: []
  m_Father: {fileID: 0}
  m_RootOrder: 1
  m_LocalEulerAnglesHint: {x: 0, y: 0, z: 0}
--- !u!114 &534669906
MonoBehaviour:
  m_ObjectHideFlags: 0
  m_CorrespondingSourceObject: {fileID: 0}
  m_PrefabInstance: {fileID: 0}
  m_PrefabAsset: {fileID: 0}
  m_GameObject: {fileID: 534669902}
  m_Enabled: 1
  m_EditorHideFlags: 0
  m_Script: {fileID: 11500000, guid: a3ffdb08ee1c2114882cf51a73e10002, type: 3}
  m_Name: 
  m_EditorClassIdentifier: 
  referenceName: MainCamera
  removeRefType: 1
  referenceBank: {fileID: 11400000, guid: c78990fd74318604aa939f2ba7b8f0db, type: 2}
--- !u!114 &534669907
MonoBehaviour:
  m_ObjectHideFlags: 0
  m_CorrespondingSourceObject: {fileID: 0}
  m_PrefabInstance: {fileID: 0}
  m_PrefabAsset: {fileID: 0}
  m_GameObject: {fileID: 534669902}
  m_Enabled: 1
  m_EditorHideFlags: 0
  m_Script: {fileID: 11500000, guid: 54415757aaddf4b8a9cd7122fd120cc6, type: 3}
  m_Name: 
  m_EditorClassIdentifier: 
  _preset: 999
  _quality: 0
  _profile: {fileID: 11400000, guid: 39a47ed5cbded3742bf38a56aec2e322, type: 2}
  _syncWithProfile: 1
  _compareMode: 0
  _compareLineAngle: 1.4
  _compareLineWidth: 0.002
  _dither: 0
  _ditherDepth: 0
  _sharpenMinDepth: 0
  _sharpenMaxDepth: 0.999
  _sharpenMinMaxDepthFallOff: 0
  _sharpen: 3
  _sharpenDepthThreshold: 0.035
  _tintColor: {r: 1, g: 1, b: 1, a: 0}
  _sharpenRelaxation: 0.07
  _sharpenClamp: 0.45
  _sharpenMotionSensibility: 0.5
  _saturate: 1
  _contrast: 1.02
  _brightness: 1.029
  _daltonize: 0
  _hardLightIntensity: 0.5
  _hardLightBlend: 0
  _vignetting: 1
  _vignettingColor: {r: 0.3, g: 0.3, b: 0.3, a: 0.078431375}
  _vignettingFade: 0.182
  _vignettingCircularShape: 0
  _vignettingAspectRatio: 0.71
  _vignettingBlink: 0
  _vignettingBlinkStyle: 0
  _vignettingCenter: {x: 0.5, y: 0.5}
  _vignettingMask: {fileID: 0}
  _frame: 0
  _frameColor: {r: 1, g: 1, b: 1, a: 0.047}
  _frameMask: {fileID: 0}
  _lut: 0
  _lutIntensity: 1
  _lutTexture: {fileID: 0}
  _nightVision: 0
  _nightVisionColor: {r: 0.5, g: 1, b: 0.5, a: 0.5}
  _outline: 0
  _outlineColor: {r: 1, g: 0, b: 0, a: 1}
  _outlineCustomize: 1
  _outlineStage: 0
  _outlineSpread: 0.521
  _outlineBlurPassCount: 1
  _outlineIntensityMultiplier: 3.38
  _thermalVision: 0
  _lensDirt: 0
  _lensDirtThreshold: 0.5
  _lensDirtIntensity: 0.9
  _lensDirtTexture: {fileID: 2800000, guid: f5c5080de097a4274bab7bc2bf5017f6, type: 3}
  _bloom: 1
  _bloomCullingMask:
    serializedVersion: 2
    m_Bits: 0
  _bloomLayerMaskDownsampling: 1
  _bloomIntensity: 0.24
  _bloomMaxBrightness: 1000
  _bloomBoost0: 0
  _bloomBoost1: 0
  _bloomBoost2: 0
  _bloomBoost3: 0
  _bloomBoost4: 0
  _bloomBoost5: 0
  _bloomAntiflicker: 0
  _bloomUltra: 0
  _bloomUltraResolution: 10
  _bloomThreshold: 0.596
  _bloomTint: {r: 0.29019606, g: 0.42336723, b: 1, a: 0.3254902}
  _bloomCustomize: 0
  _bloomDebug: 0
  _bloomWeight0: 0.5
  _bloomWeight1: 0.5
  _bloomWeight2: 0.5
  _bloomWeight3: 0.5
  _bloomWeight4: 0.5
  _bloomWeight5: 0.5
  _bloomBlur: 1
  _bloomQuickerBlur: 0
  _bloomDepthAtten: 0
  _bloomNearAtten: 0
  _bloomLayerZBias: 0.0001
  _preRenderCameraEvent: 0
  _anamorphicFlares: 1
  _anamorphicFlaresCullingMask:
    serializedVersion: 2
    m_Bits: 0
  _anamorphicFlaresIntensity: 0.05
  _anamorphicFlaresAntiflicker: 0
  _anamorphicFlaresUltra: 0
  _anamorphicFlaresUltraResolution: 10
  _anamorphicFlaresThreshold: 0.751
  _anamorphicFlaresSpread: 1
  _anamorphicFlaresVertical: 0
  _anamorphicFlaresTint: {r: 0.5, g: 0.5, b: 1, a: 0}
  _anamorphicFlaresBlur: 1
  _depthOfField: 0
  _depthOfFieldTransparencySupport: 0
  _depthOfFieldTransparencyLayerMask:
    serializedVersion: 2
    m_Bits: 4294967295
  _depthOfFieldTargetFocus: {fileID: 0}
  _depthOfFieldDebug: 0
  _depthOfFieldAutofocus: 0
  _depthofFieldAutofocusViewportPoint: {x: 0.5, y: 0.5}
  _depthOfFieldAutofocusMinDistance: 0
  _depthOfFieldAutofocusDistanceShift: 0
  _depthOfFieldAutofocusMaxDistance: 10000
  _depthOfFieldAutofocusLayerMask:
    serializedVersion: 2
    m_Bits: 4294967295
  _depthOfFieldExclusionLayerMask:
    serializedVersion: 2
    m_Bits: 0
  _depthOfFieldExclusionLayerMaskDownsampling: 1
  _depthOfFieldTransparencySupportDownsampling: 1
  _depthOfFieldExclusionBias: 0.99
  _depthOfFieldDistance: 1
  _depthOfFieldFocusSpeed: 1
  _depthOfFieldDownsampling: 2
  _depthOfFieldMaxSamples: 4
  _depthOfFieldCameraSettings: 0
  _depthOfFieldFocalLengthReal: 50
  _depthOfFieldFStop: 2
  _depthOfFieldImageSensorHeight: 24
  _depthOfFieldFocalLength: 0.05
  _depthOfFieldAperture: 2.8
  _depthOfFieldForegroundBlur: 1
  _depthOfFieldForegroundBlurHQ: 0
  _depthOfFieldForegroundBlurHQSpread: 16
  _depthOfFieldForegroundDistance: 0.25
  _depthOfFieldBokeh: 1
  _depthOfFieldBokehComposition: 0
  _depthOfFieldBokehThreshold: 1
  _depthOfFieldBokehIntensity: 2
  _depthOfFieldMaxBrightness: 1000
  _depthOfFieldMaxDistance: 1
  _depthOfFieldFilterMode: 1
  _eyeAdaptation: 0
  _eyeAdaptationMinExposure: 0.2
  _eyeAdaptationMaxExposure: 5
  _eyeAdaptationSpeedToLight: 0.4
  _eyeAdaptationSpeedToDark: 0.2
  _eyeAdaptationInEditor: 1
  _purkinje: 0
  _purkinjeAmount: 1
  _purkinjeLuminanceThreshold: 0.15
  _tonemap: 0
  _sunFlares: 0
  _sun: {fileID: 0}
  _sunFlaresLayerMask:
    serializedVersion: 2
    m_Bits: 4294967295
  _sunFlaresIntensity: 1
  _sunFlaresRevealSpeed: 1
  _sunFlaresHideSpeed: 1
  _sunFlaresSolarWindSpeed: 0.01
  _sunFlaresTint: {r: 1, g: 1, b: 1, a: 1}
  _sunFlaresDownsampling: 1
  _sunFlaresSunIntensity: 0.1
  _sunFlaresSunDiskSize: 0.05
  _sunFlaresSunRayDiffractionIntensity: 3.5
  _sunFlaresSunRayDiffractionThreshold: 0.13
  _sunFlaresCoronaRays1Length: 0.02
  _sunFlaresCoronaRays1Streaks: 12
  _sunFlaresCoronaRays1Spread: 0.001
  _sunFlaresCoronaRays1AngleOffset: 0
  _sunFlaresCoronaRays2Length: 0.05
  _sunFlaresCoronaRays2Streaks: 12
  _sunFlaresCoronaRays2Spread: 0.1
  _sunFlaresCoronaRays2AngleOffset: 0
  _sunFlaresGhosts1Size: 0.03
  _sunFlaresGhosts1Offset: 1.04
  _sunFlaresGhosts1Brightness: 0.037
  _sunFlaresGhosts2Size: 0.1
  _sunFlaresGhosts2Offset: 0.71
  _sunFlaresGhosts2Brightness: 0.03
  _sunFlaresGhosts3Size: 0.24
  _sunFlaresGhosts3Brightness: 0.025
  _sunFlaresGhosts3Offset: 0.31
  _sunFlaresGhosts4Size: 0.016
  _sunFlaresGhosts4Offset: 0
  _sunFlaresGhosts4Brightness: 0.017
  _sunFlaresHaloOffset: 0.22
  _sunFlaresHaloAmplitude: 15.1415
  _sunFlaresHaloIntensity: 0.01
  _sunFlaresRotationDeadZone: 0
  _blur: 0
  _blurIntensity: 0.076
  _downscale: 1
  _superSampling: 1
  _pixelateAmount: 2
  _pixelateDownscale: 0
  _antialiasStrength: 5
  _antialiasDepthThreshold: 0.001
  _chromaticAberration: 0
  _chromaticAberrationIntensity: 0
  _chromaticAberrationSmoothing: 0
  isDirty: 0
  bMat: {fileID: 0}
--- !u!114 &534669908
MonoBehaviour:
  m_ObjectHideFlags: 0
  m_CorrespondingSourceObject: {fileID: 0}
  m_PrefabInstance: {fileID: 0}
  m_PrefabAsset: {fileID: 0}
  m_GameObject: {fileID: 534669902}
  m_Enabled: 1
  m_EditorHideFlags: 0
  m_Script: {fileID: 11500000, guid: 981631c2587a37049b711c14614440cc, type: 3}
  m_Name: 
  m_EditorClassIdentifier: 
  targetWidth: 1080
  targetHeight: 921
  type: 0
--- !u!1 &613950237
GameObject:
  m_ObjectHideFlags: 0
  m_CorrespondingSourceObject: {fileID: 0}
  m_PrefabInstance: {fileID: 0}
  m_PrefabAsset: {fileID: 0}
  serializedVersion: 6
  m_Component:
  - component: {fileID: 613950238}
  - component: {fileID: 613950241}
  - component: {fileID: 613950240}
  m_Layer: 5
  m_Name: BG
  m_TagString: Untagged
  m_Icon: {fileID: 0}
  m_NavMeshLayer: 0
  m_StaticEditorFlags: 0
  m_IsActive: 1
--- !u!224 &613950238
RectTransform:
  m_ObjectHideFlags: 0
  m_CorrespondingSourceObject: {fileID: 0}
  m_PrefabInstance: {fileID: 0}
  m_PrefabAsset: {fileID: 0}
  m_GameObject: {fileID: 613950237}
  m_LocalRotation: {x: 0, y: 0, z: 0, w: 1}
  m_LocalPosition: {x: 0, y: 0, z: 0}
  m_LocalScale: {x: 1, y: 1.18, z: 1}
  m_ConstrainProportionsScale: 0
  m_Children: []
  m_Father: {fileID: 1371469744}
  m_RootOrder: 1
  m_LocalEulerAnglesHint: {x: 0, y: 0, z: 0}
  m_AnchorMin: {x: 0, y: 0}
  m_AnchorMax: {x: 1, y: 1}
  m_AnchoredPosition: {x: 0, y: 0}
  m_SizeDelta: {x: 0, y: 0}
  m_Pivot: {x: 0.5, y: 0.5}
--- !u!114 &613950240
MonoBehaviour:
  m_ObjectHideFlags: 0
  m_CorrespondingSourceObject: {fileID: 0}
  m_PrefabInstance: {fileID: 0}
  m_PrefabAsset: {fileID: 0}
  m_GameObject: {fileID: 613950237}
  m_Enabled: 1
  m_EditorHideFlags: 0
  m_Script: {fileID: 11500000, guid: fe87c0e1cc204ed48ad3b37840f39efc, type: 3}
  m_Name: 
  m_EditorClassIdentifier: 
  m_Material: {fileID: 0}
  m_Color: {r: 1, g: 1, b: 1, a: 1}
  m_RaycastTarget: 1
  m_RaycastPadding: {x: 0, y: 0, z: 0, w: 0}
  m_Maskable: 1
  m_OnCullStateChanged:
    m_PersistentCalls:
      m_Calls: []
  m_Sprite: {fileID: 21300000, guid: 93ae57483a9f1fd488a86100ee7763a9, type: 3}
  m_Type: 0
  m_PreserveAspect: 1
  m_FillCenter: 1
  m_FillMethod: 4
  m_FillAmount: 1
  m_FillClockwise: 1
  m_FillOrigin: 0
  m_UseSpriteMesh: 0
  m_PixelsPerUnitMultiplier: 1
--- !u!222 &613950241
CanvasRenderer:
  m_ObjectHideFlags: 0
  m_CorrespondingSourceObject: {fileID: 0}
  m_PrefabInstance: {fileID: 0}
  m_PrefabAsset: {fileID: 0}
  m_GameObject: {fileID: 613950237}
  m_CullTransparentMesh: 0
--- !u!1 &631248652
GameObject:
  m_ObjectHideFlags: 0
  m_CorrespondingSourceObject: {fileID: 0}
  m_PrefabInstance: {fileID: 0}
  m_PrefabAsset: {fileID: 0}
  serializedVersion: 6
  m_Component:
  - component: {fileID: 631248653}
  - component: {fileID: 631248655}
  - component: {fileID: 631248654}
  m_Layer: 5
  m_Name: BG (1)
  m_TagString: Untagged
  m_Icon: {fileID: 0}
  m_NavMeshLayer: 0
  m_StaticEditorFlags: 0
  m_IsActive: 1
--- !u!224 &631248653
RectTransform:
  m_ObjectHideFlags: 0
  m_CorrespondingSourceObject: {fileID: 0}
  m_PrefabInstance: {fileID: 0}
  m_PrefabAsset: {fileID: 0}
  m_GameObject: {fileID: 631248652}
  m_LocalRotation: {x: 0, y: 0, z: 0, w: 1}
  m_LocalPosition: {x: 0, y: 0, z: 0}
  m_LocalScale: {x: 1, y: 1.18, z: 1}
  m_ConstrainProportionsScale: 0
  m_Children: []
  m_Father: {fileID: 1371469744}
  m_RootOrder: 0
  m_LocalEulerAnglesHint: {x: 0, y: 0, z: 0}
  m_AnchorMin: {x: 0, y: 0}
  m_AnchorMax: {x: 1, y: 1}
  m_AnchoredPosition: {x: 0, y: 0}
  m_SizeDelta: {x: 0, y: 0}
  m_Pivot: {x: 0.5, y: 0.5}
--- !u!114 &631248654
MonoBehaviour:
  m_ObjectHideFlags: 0
  m_CorrespondingSourceObject: {fileID: 0}
  m_PrefabInstance: {fileID: 0}
  m_PrefabAsset: {fileID: 0}
  m_GameObject: {fileID: 631248652}
  m_Enabled: 1
  m_EditorHideFlags: 0
  m_Script: {fileID: 11500000, guid: fe87c0e1cc204ed48ad3b37840f39efc, type: 3}
  m_Name: 
  m_EditorClassIdentifier: 
  m_Material: {fileID: 0}
  m_Color: {r: 0.5411765, g: 0.5411765, b: 0.5411765, a: 1}
  m_RaycastTarget: 1
  m_RaycastPadding: {x: 0, y: 0, z: 0, w: 0}
  m_Maskable: 1
  m_OnCullStateChanged:
    m_PersistentCalls:
      m_Calls: []
  m_Sprite: {fileID: 0}
  m_Type: 0
  m_PreserveAspect: 1
  m_FillCenter: 1
  m_FillMethod: 4
  m_FillAmount: 1
  m_FillClockwise: 1
  m_FillOrigin: 0
  m_UseSpriteMesh: 0
  m_PixelsPerUnitMultiplier: 1
--- !u!222 &631248655
CanvasRenderer:
  m_ObjectHideFlags: 0
  m_CorrespondingSourceObject: {fileID: 0}
  m_PrefabInstance: {fileID: 0}
  m_PrefabAsset: {fileID: 0}
  m_GameObject: {fileID: 631248652}
  m_CullTransparentMesh: 0
--- !u!43 &915797018
Mesh:
  m_ObjectHideFlags: 0
  m_CorrespondingSourceObject: {fileID: 0}
  m_PrefabInstance: {fileID: 0}
  m_PrefabAsset: {fileID: 0}
  m_Name: 
  serializedVersion: 10
  m_SubMeshes:
  - serializedVersion: 2
    firstByte: 0
    indexCount: 24
    topology: 0
    baseVertex: 0
    firstVertex: 0
    vertexCount: 16
    localAABB:
      m_Center: {x: -0.826561, y: -2.1490622, z: 0}
      m_Extent: {x: 104.14688, y: 29.260315, z: 0}
  m_Shapes:
    vertices: []
    shapes: []
    channels: []
    fullWeights: []
  m_BindPose: []
  m_BoneNameHashes: 
  m_RootBoneNameHash: 0
  m_BonesAABB: []
  m_VariableBoneCountWeights:
    m_Data: 
  m_MeshCompression: 0
  m_IsReadable: 1
  m_KeepVertices: 1
  m_KeepIndices: 1
  m_IndexFormat: 0
  m_IndexBuffer: 000001000200000002000300040005000600040006000700080009000a0008000a000b000c000d000e000c000e000f00
  m_VertexData:
    serializedVersion: 3
    m_VertexCount: 16
    m_Channels:
    - stream: 0
      offset: 0
      format: 0
      dimension: 3
    - stream: 0
      offset: 0
      format: 0
      dimension: 0
    - stream: 0
      offset: 0
      format: 0
      dimension: 0
    - stream: 0
      offset: 12
      format: 2
      dimension: 4
    - stream: 0
      offset: 16
      format: 0
      dimension: 2
    - stream: 0
      offset: 24
      format: 0
      dimension: 2
    - stream: 0
      offset: 32
      format: 0
      dimension: 4
    - stream: 0
      offset: 48
      format: 0
      dimension: 4
    - stream: 0
      offset: 0
      format: 0
      dimension: 0
    - stream: 0
      offset: 0
      format: 0
      dimension: 0
    - stream: 0
      offset: 0
      format: 0
      dimension: 0
    - stream: 0
      offset: 0
      format: 0
      dimension: 0
    - stream: 0
      offset: 0
      format: 0
      dimension: 0
    - stream: 0
      offset: 0
      format: 0
      dimension: 0
    m_DataSize: 1024
    _typelessdata: 67f2d1c2ec91ae4100000000ffffffff0000683e0000783e00000000000000000000683e0000783e0000e83d0000f83d0000803f9a9953420000803f0000803f00e856c2ec91ae4100000000ffffffff0000683e0000000000000000000000000000683e0000783e0000e83d0000f83d0000803f9a9953420000803f0000803f00e856c27bf4d0c100000000ffffffff000000000000000000000000000000000000683e0000783e0000e83d0000f83d0000803f9a9953420000803f0000803f67f2d1c27bf4d0c100000000ffffffff000000000000783e00000000000000000000683e0000783e0000e83d0000f83d0000803f9a9953420000803f0000803f026046c20040844100000000ffffffff0000683e0000000000000000000000000000603e0000683e0000ac3e0000e83d000000009a9953420000803f0000803fba9953c00040844100000000ffffffff0000e43e0000000000000000000000000000603e0000683e0000ac3e0000e83d000000009a9953420000803f0000803fba9953c06746fbc100000000ffffffff0000e43e0000683e00000000000000000000603e0000683e0000ac3e0000e83d000000009a9953420000803f0000803f026046c26746fbc100000000ffffffff0000683e0000683e00000000000000000000603e0000683e0000ac3e0000e83d000000009a9953420000803f0000803f9a995340ec91ae4100000000ffffffff000000000000783e00000000000000000000603e0000683e0000e03d0000b63e000000009a9953420000803f0000803f00604642ec91ae4100000000ffffffff0000603e0000783e00000000000000000000603e0000683e0000e03d0000b63e000000009a9953420000803f0000803f006046427bf4d0c100000000ffffffff0000603e0000f03e00000000000000000000603e0000683e0000e03d0000b63e000000009a9953420000803f0000803f9a9953407bf4d0c100000000ffffffff000000000000f03e00000000000000000000603e0000683e0000e03d0000b63e000000009a9953420000803f0000803fcf845d42d8e3d84100000000ffffffff0000683e0000683e00000000000000000000683e0000683e0000ae3e0000ae3e000000009a9953420000803f0000803f01a4ce42d8e3d84100000000ffffffff0000e83e0000683e00000000000000000000683e0000683e0000ae3e0000ae3e000000009a9953420000803f0000803f01a4ce4290a2a6c100000000ffffffff0000e83e0000e83e00000000000000000000683e0000683e0000ae3e0000ae3e000000009a9953420000803f0000803fcf845d4290a2a6c100000000ffffffff0000683e0000e83e00000000000000000000683e0000683e0000ae3e0000ae3e000000009a9953420000803f0000803f
  m_CompressedMesh:
    m_Vertices:
      m_NumItems: 0
      m_Range: 0
      m_Start: 0
      m_Data: 
      m_BitSize: 0
    m_UV:
      m_NumItems: 0
      m_Range: 0
      m_Start: 0
      m_Data: 
      m_BitSize: 0
    m_Normals:
      m_NumItems: 0
      m_Range: 0
      m_Start: 0
      m_Data: 
      m_BitSize: 0
    m_Tangents:
      m_NumItems: 0
      m_Range: 0
      m_Start: 0
      m_Data: 
      m_BitSize: 0
    m_Weights:
      m_NumItems: 0
      m_Data: 
      m_BitSize: 0
    m_NormalSigns:
      m_NumItems: 0
      m_Data: 
      m_BitSize: 0
    m_TangentSigns:
      m_NumItems: 0
      m_Data: 
      m_BitSize: 0
    m_FloatColors:
      m_NumItems: 0
      m_Range: 0
      m_Start: 0
      m_Data: 
      m_BitSize: 0
    m_BoneIndices:
      m_NumItems: 0
      m_Data: 
      m_BitSize: 0
    m_Triangles:
      m_NumItems: 0
      m_Data: 
      m_BitSize: 0
    m_UVInfo: 0
  m_LocalAABB:
    m_Center: {x: -0.826561, y: -2.1490622, z: 0}
    m_Extent: {x: 104.14688, y: 29.260315, z: 0}
  m_MeshUsageFlags: 0
  m_BakedConvexCollisionMesh: 
  m_BakedTriangleCollisionMesh: 
  m_MeshMetrics[0]: 1
  m_MeshMetrics[1]: 1
  m_MeshOptimizationFlags: 1
  m_StreamData:
    serializedVersion: 2
    offset: 0
    size: 0
    path: 
--- !u!1001 &955690967
PrefabInstance:
  m_ObjectHideFlags: 0
  serializedVersion: 2
  m_Modification:
    m_TransformParent: {fileID: 0}
    m_Modifications:
    - target: {fileID: 4234296525899849934, guid: 2efb16fa3a86b4d46af02d71175001d0, type: 3}
      propertyPath: m_RootOrder
      value: 5
      objectReference: {fileID: 0}
    - target: {fileID: 4234296525899849934, guid: 2efb16fa3a86b4d46af02d71175001d0, type: 3}
      propertyPath: m_LocalPosition.x
      value: 0
      objectReference: {fileID: 0}
    - target: {fileID: 4234296525899849934, guid: 2efb16fa3a86b4d46af02d71175001d0, type: 3}
      propertyPath: m_LocalPosition.y
      value: 0
      objectReference: {fileID: 0}
    - target: {fileID: 4234296525899849934, guid: 2efb16fa3a86b4d46af02d71175001d0, type: 3}
      propertyPath: m_LocalPosition.z
      value: 0
      objectReference: {fileID: 0}
    - target: {fileID: 4234296525899849934, guid: 2efb16fa3a86b4d46af02d71175001d0, type: 3}
      propertyPath: m_LocalRotation.w
      value: 1
      objectReference: {fileID: 0}
    - target: {fileID: 4234296525899849934, guid: 2efb16fa3a86b4d46af02d71175001d0, type: 3}
      propertyPath: m_LocalRotation.x
      value: 0
      objectReference: {fileID: 0}
    - target: {fileID: 4234296525899849934, guid: 2efb16fa3a86b4d46af02d71175001d0, type: 3}
      propertyPath: m_LocalRotation.y
      value: 0
      objectReference: {fileID: 0}
    - target: {fileID: 4234296525899849934, guid: 2efb16fa3a86b4d46af02d71175001d0, type: 3}
      propertyPath: m_LocalRotation.z
      value: 0
      objectReference: {fileID: 0}
    - target: {fileID: 4234296525899849934, guid: 2efb16fa3a86b4d46af02d71175001d0, type: 3}
      propertyPath: m_LocalEulerAnglesHint.x
      value: 0
      objectReference: {fileID: 0}
    - target: {fileID: 4234296525899849934, guid: 2efb16fa3a86b4d46af02d71175001d0, type: 3}
      propertyPath: m_LocalEulerAnglesHint.y
      value: 0
      objectReference: {fileID: 0}
    - target: {fileID: 4234296525899849934, guid: 2efb16fa3a86b4d46af02d71175001d0, type: 3}
      propertyPath: m_LocalEulerAnglesHint.z
      value: 0
      objectReference: {fileID: 0}
    - target: {fileID: 4234296525899849935, guid: 2efb16fa3a86b4d46af02d71175001d0, type: 3}
      propertyPath: m_Name
      value: MusicManager
      objectReference: {fileID: 0}
    m_RemovedComponents: []
  m_SourcePrefab: {fileID: 100100000, guid: 2efb16fa3a86b4d46af02d71175001d0, type: 3}
--- !u!1 &955690968 stripped
GameObject:
  m_CorrespondingSourceObject: {fileID: 4234296525899849935, guid: 2efb16fa3a86b4d46af02d71175001d0, type: 3}
  m_PrefabInstance: {fileID: 955690967}
  m_PrefabAsset: {fileID: 0}
--- !u!82 &955690969 stripped
AudioSource:
  m_CorrespondingSourceObject: {fileID: 856380035, guid: 2efb16fa3a86b4d46af02d71175001d0, type: 3}
  m_PrefabInstance: {fileID: 955690967}
  m_PrefabAsset: {fileID: 0}
--- !u!82 &955690970 stripped
AudioSource:
  m_CorrespondingSourceObject: {fileID: 856380034, guid: 2efb16fa3a86b4d46af02d71175001d0, type: 3}
  m_PrefabInstance: {fileID: 955690967}
  m_PrefabAsset: {fileID: 0}
--- !u!114 &955690971 stripped
MonoBehaviour:
  m_CorrespondingSourceObject: {fileID: 2855330151740963876, guid: 2efb16fa3a86b4d46af02d71175001d0, type: 3}
  m_PrefabInstance: {fileID: 955690967}
  m_PrefabAsset: {fileID: 0}
  m_GameObject: {fileID: 955690968}
  m_Enabled: 1
  m_EditorHideFlags: 0
  m_Script: {fileID: 11500000, guid: 52726ee499b2d1c4f8130905e2d2868c, type: 3}
  m_Name: 
  m_EditorClassIdentifier: 
--- !u!4 &955690972 stripped
Transform:
  m_CorrespondingSourceObject: {fileID: 4234296525899849934, guid: 2efb16fa3a86b4d46af02d71175001d0, type: 3}
  m_PrefabInstance: {fileID: 955690967}
  m_PrefabAsset: {fileID: 0}
--- !u!850595691 &1176874005
LightingSettings:
  m_ObjectHideFlags: 0
  m_CorrespondingSourceObject: {fileID: 0}
  m_PrefabInstance: {fileID: 0}
  m_PrefabAsset: {fileID: 0}
  m_Name: Settings.lighting
  serializedVersion: 4
  m_GIWorkflowMode: 0
  m_EnableBakedLightmaps: 1
  m_EnableRealtimeLightmaps: 0
  m_RealtimeEnvironmentLighting: 1
  m_BounceScale: 1
  m_AlbedoBoost: 1
  m_IndirectOutputScale: 1
  m_UsingShadowmask: 1
  m_BakeBackend: 1
  m_LightmapMaxSize: 512
  m_BakeResolution: 10
  m_Padding: 2
  m_LightmapCompression: 3
  m_AO: 0
  m_AOMaxDistance: 1
  m_CompAOExponent: 1
  m_CompAOExponentDirect: 0
  m_ExtractAO: 0
  m_MixedBakeMode: 2
  m_LightmapsBakeMode: 1
  m_FilterMode: 1
  m_LightmapParameters: {fileID: 15204, guid: 0000000000000000f000000000000000, type: 0}
  m_ExportTrainingData: 0
  m_TrainingDataDestination: TrainingData
  m_RealtimeResolution: 2
  m_ForceWhiteAlbedo: 0
  m_ForceUpdates: 0
  m_FinalGather: 0
  m_FinalGatherRayCount: 256
  m_FinalGatherFiltering: 1
  m_PVRCulling: 1
  m_PVRSampling: 1
  m_PVRDirectSampleCount: 32
  m_PVRSampleCount: 256
  m_PVREnvironmentSampleCount: 256
  m_PVREnvironmentReferencePointCount: 2048
  m_LightProbeSampleCountMultiplier: 4
  m_PVRBounces: 2
  m_PVRMinBounces: 2
  m_PVREnvironmentMIS: 0
  m_PVRFilteringMode: 2
  m_PVRDenoiserTypeDirect: 0
  m_PVRDenoiserTypeIndirect: 0
  m_PVRDenoiserTypeAO: 0
  m_PVRFilterTypeDirect: 0
  m_PVRFilterTypeIndirect: 0
  m_PVRFilterTypeAO: 0
  m_PVRFilteringGaussRadiusDirect: 1
  m_PVRFilteringGaussRadiusIndirect: 5
  m_PVRFilteringGaussRadiusAO: 2
  m_PVRFilteringAtrousPositionSigmaDirect: 0.5
  m_PVRFilteringAtrousPositionSigmaIndirect: 2
  m_PVRFilteringAtrousPositionSigmaAO: 1
  m_PVRTiledBaking: 0
--- !u!1 &1364484190
GameObject:
  m_ObjectHideFlags: 0
  m_CorrespondingSourceObject: {fileID: 0}
  m_PrefabInstance: {fileID: 0}
  m_PrefabAsset: {fileID: 0}
  serializedVersion: 6
  m_Component:
  - component: {fileID: 1364484191}
  - component: {fileID: 1364484193}
  - component: {fileID: 1364484192}
  m_Layer: 5
  m_Name: Text
  m_TagString: Untagged
  m_Icon: {fileID: 0}
  m_NavMeshLayer: 0
  m_StaticEditorFlags: 0
  m_IsActive: 1
--- !u!224 &1364484191
RectTransform:
  m_ObjectHideFlags: 0
  m_CorrespondingSourceObject: {fileID: 0}
  m_PrefabInstance: {fileID: 0}
  m_PrefabAsset: {fileID: 0}
  m_GameObject: {fileID: 1364484190}
  m_LocalRotation: {x: 0, y: 0, z: 0, w: 1}
  m_LocalPosition: {x: 0, y: 0, z: 0}
  m_LocalScale: {x: 1, y: 1, z: 1}
  m_ConstrainProportionsScale: 0
  m_Children: []
  m_Father: {fileID: 1829217895}
  m_RootOrder: 0
  m_LocalEulerAnglesHint: {x: 0, y: 0, z: 0}
  m_AnchorMin: {x: 0, y: 0}
  m_AnchorMax: {x: 1, y: 1}
  m_AnchoredPosition: {x: 0, y: 17.2}
  m_SizeDelta: {x: 0, y: 0}
  m_Pivot: {x: 0.5, y: 0.5}
--- !u!114 &1364484192
MonoBehaviour:
  m_ObjectHideFlags: 0
  m_CorrespondingSourceObject: {fileID: 0}
  m_PrefabInstance: {fileID: 0}
  m_PrefabAsset: {fileID: 0}
  m_GameObject: {fileID: 1364484190}
  m_Enabled: 1
  m_EditorHideFlags: 0
  m_Script: {fileID: 11500000, guid: 5f7201a12d95ffc409449d95f23cf332, type: 3}
  m_Name: 
  m_EditorClassIdentifier: 
  m_Material: {fileID: 0}
  m_Color: {r: 0.19607843, g: 0.19607843, b: 0.19607843, a: 1}
  m_RaycastTarget: 1
  m_RaycastPadding: {x: 0, y: 0, z: 0, w: 0}
  m_Maskable: 1
  m_OnCullStateChanged:
    m_PersistentCalls:
      m_Calls: []
  m_FontData:
    m_Font: {fileID: 12800000, guid: d0b5845792d9aad44805246071d9c30b, type: 3}
    m_FontSize: 60
    m_FontStyle: 0
    m_BestFit: 0
    m_MinSize: 1
    m_MaxSize: 144
    m_Alignment: 4
    m_AlignByGeometry: 0
    m_RichText: 1
    m_HorizontalOverflow: 0
    m_VerticalOverflow: 0
    m_LineSpacing: 1
  m_Text: ~You Win~
--- !u!222 &1364484193
CanvasRenderer:
  m_ObjectHideFlags: 0
  m_CorrespondingSourceObject: {fileID: 0}
  m_PrefabInstance: {fileID: 0}
  m_PrefabAsset: {fileID: 0}
  m_GameObject: {fileID: 1364484190}
  m_CullTransparentMesh: 0
--- !u!1 &1371469743
GameObject:
  m_ObjectHideFlags: 0
  m_CorrespondingSourceObject: {fileID: 0}
  m_PrefabInstance: {fileID: 0}
  m_PrefabAsset: {fileID: 0}
  serializedVersion: 6
  m_Component:
  - component: {fileID: 1371469744}
  - component: {fileID: 1371469745}
  - component: {fileID: 1371469746}
  m_Layer: 5
  m_Name: Page_Main
  m_TagString: Untagged
  m_Icon: {fileID: 0}
  m_NavMeshLayer: 0
  m_StaticEditorFlags: 0
  m_IsActive: 1
--- !u!224 &1371469744
RectTransform:
  m_ObjectHideFlags: 0
  m_CorrespondingSourceObject: {fileID: 0}
  m_PrefabInstance: {fileID: 0}
  m_PrefabAsset: {fileID: 0}
  m_GameObject: {fileID: 1371469743}
  m_LocalRotation: {x: 0, y: 0, z: 0, w: 1}
  m_LocalPosition: {x: 0, y: 0, z: 0}
  m_LocalScale: {x: 1, y: 1, z: 1}
  m_ConstrainProportionsScale: 0
  m_Children:
  - {fileID: 631248653}
  - {fileID: 613950238}
  - {fileID: 1829217895}
  m_Father: {fileID: 415479568}
  m_RootOrder: 0
  m_LocalEulerAnglesHint: {x: 0, y: 0, z: 0}
  m_AnchorMin: {x: 0, y: 0}
  m_AnchorMax: {x: 1, y: 1}
  m_AnchoredPosition: {x: 0, y: 0}
  m_SizeDelta: {x: 0, y: 0}
  m_Pivot: {x: 0.5, y: 0.5}
--- !u!114 &1371469745
MonoBehaviour:
  m_ObjectHideFlags: 0
  m_CorrespondingSourceObject: {fileID: 0}
  m_PrefabInstance: {fileID: 0}
  m_PrefabAsset: {fileID: 0}
  m_GameObject: {fileID: 1371469743}
  m_Enabled: 1
  m_EditorHideFlags: 0
  m_Script: {fileID: 11500000, guid: c82715d450c1c464aae4cc49ea92dd8e, type: 3}
  m_Name: 
  m_EditorClassIdentifier: 
  startScale: {x: 0, y: 0, z: 0}
  finalScale: {x: 1, y: 1, z: 1}
  transitionTime: 0.5
--- !u!114 &1371469746
MonoBehaviour:
  m_ObjectHideFlags: 0
  m_CorrespondingSourceObject: {fileID: 0}
  m_PrefabInstance: {fileID: 0}
  m_PrefabAsset: {fileID: 0}
  m_GameObject: {fileID: 1371469743}
  m_Enabled: 1
  m_EditorHideFlags: 0
  m_Script: {fileID: 11500000, guid: 87156a4cd393428438d7afc1fbea2b79, type: 3}
  m_Name: 
  m_EditorClassIdentifier: 
  content: {fileID: 1371469743}
  afterSeconds: 10
  isShowingOff: 0
--- !u!1 &1389921019 stripped
GameObject:
  m_CorrespondingSourceObject: {fileID: 8443939309053696251, guid: a11ab93f5f2ec25479829a7f3f4c824d, type: 3}
  m_PrefabInstance: {fileID: 8443939308292987392}
  m_PrefabAsset: {fileID: 0}
--- !u!114 &1389921020 stripped
MonoBehaviour:
  m_CorrespondingSourceObject: {fileID: 8443939309053696252, guid: a11ab93f5f2ec25479829a7f3f4c824d, type: 3}
  m_PrefabInstance: {fileID: 8443939308292987392}
  m_PrefabAsset: {fileID: 0}
  m_GameObject: {fileID: 1389921019}
  m_Enabled: 1
  m_EditorHideFlags: 0
  m_Script: {fileID: 11500000, guid: 50ab236b0c707de4b95aabf2bbf86c02, type: 3}
  m_Name: 
  m_EditorClassIdentifier: 
--- !u!4 &1389921021 stripped
Transform:
  m_CorrespondingSourceObject: {fileID: 8443939309053696253, guid: a11ab93f5f2ec25479829a7f3f4c824d, type: 3}
  m_PrefabInstance: {fileID: 8443939308292987392}
  m_PrefabAsset: {fileID: 0}
--- !u!1 &1409737037
GameObject:
  m_ObjectHideFlags: 0
  m_CorrespondingSourceObject: {fileID: 0}
  m_PrefabInstance: {fileID: 0}
  m_PrefabAsset: {fileID: 0}
  serializedVersion: 6
  m_Component:
  - component: {fileID: 1409737041}
  - component: {fileID: 1409737040}
  - component: {fileID: 1409737039}
  - component: {fileID: 1409737038}
  m_Layer: 0
  m_Name: Easy Save 3 Manager
  m_TagString: Untagged
  m_Icon: {fileID: 0}
  m_NavMeshLayer: 0
  m_StaticEditorFlags: 0
  m_IsActive: 1
--- !u!114 &1409737038
MonoBehaviour:
  m_ObjectHideFlags: 0
  m_CorrespondingSourceObject: {fileID: 0}
  m_PrefabInstance: {fileID: 0}
  m_PrefabAsset: {fileID: 0}
  m_GameObject: {fileID: 1409737037}
  m_Enabled: 1
  m_EditorHideFlags: 0
  m_Script: {fileID: 11500000, guid: 9107aee0ced90422da95f0b31680501f, type: 3}
  m_Name: 
  m_EditorClassIdentifier: 
  key: ac77d074-3389-44b0-8f76-7bdd26d26a87
  saveEvent: 1
  loadEvent: 1
  settings:
    _location: 0
    path: SaveData.es3
    encryptionType: 0
    compressionType: 0
    encryptionPassword: password
    directory: 0
    format: 0
    prettyPrint: 1
    bufferSize: 2048
    saveChildren: 1
    typeChecking: 1
    safeReflection: 1
    memberReferenceMode: 0
    referenceMode: 2
    serializationDepthLimit: 64
    assemblyNames:
    - Assembly-CSharp
    - Assembly-CSharp-firstpass
    showAdvancedSettings: 0
--- !u!114 &1409737039
MonoBehaviour:
  m_ObjectHideFlags: 0
  m_CorrespondingSourceObject: {fileID: 0}
  m_PrefabInstance: {fileID: 0}
  m_PrefabAsset: {fileID: 0}
  m_GameObject: {fileID: 1409737037}
  m_Enabled: 1
  m_EditorHideFlags: 0
  m_Script: {fileID: 11500000, guid: 9a83408fcc9044c4fbc7e5d09a369ab6, type: 3}
  m_Name: 
  m_EditorClassIdentifier: 
  openPrefabs: 0
  prefabs: []
  idRef:
    _Keys: 28514a4c93b30f265561c2291e12cf5214d29cca7994ac45f18e531426a4794b5594ee2a7e1209593b3c9c04715084111abb12b19e98886d082eaade7720634fd51aaf50950b3d711bdd1140dc6045047d6fa0edab470c32736da21ff53d1e4dae5a864421e711355a4c4ceb27998d5916599ef880895c1cda1e22d896e1835804a06c7e25ff1d6b2d5ccb3795e0cf25cd84c739dfe1532eeb0ea192301f080a558a3ec87fbfd91154c0e30ba107a60dabb5d7e995dd0955bbbd95add85e253e77a3df0b35026c04fac1dd9b4db7bd097e60de3f2fbbcb0b645b7dba194ebd5223dbe456baa5a3727c9fcf9f5ff7ff70558771e90717f318610df6b93da2813106f63bf978f79c743aebb33ed70e0a2a10c14b768562440ed067b189a46fdc2dfac1cee5d514804d24e522f2cb32f06fc8962ae9ee629950700e5991856dea2a53f59519f09a2226c9010c89cff1d23dbae78ff386dd8432d0b8a6537e97692d8cfbe012a9ef7f61842647e8b4804025772e11fc185e7e553a9a2df192fea1285156604dcefbad03d60fbe43c39df355b405d2eb2ba39500527abb290018c969bf4faa93c7c829266f4abb7ba851b84393e4d3b7a40a283fc300042224a79e65b4daf11d969ba3559c002e6c13ad5a0a1bd22b67b6df1101e6d094a70c274a5ca9dd6b1c7b6666026c8010c2020edd4b47e5d3d65e0c911b2826a361a04db2152b36c1451420ed03cc93ee0ea7d945717ea20747839b5a42e6d6a1993de1a05a84fb5fc516a4086c6187f6581d19cc6872d3dd7591579d7df72cc69d3715630277724b0221873446bfa8851f0a39ef6fe8288f773e157650ed440760f8490e0256c72f631c88ba337c9e197581b17267c6ee1734879c1572e99cee668f943f094a7737bdf574ad70e4c3fca0fc01cf3bde222c0979b5725142a750c49f75761595d5c7d0cfb6c56efd2a9a97ee2d0a3767ecc2dad4c6c11dd2b6377676499352e970eb90e48b4027e7f16adca742fc310aa37950ed83d7100be8406e583aa666299a450745b9ba42253f74a565cb5a2ce0ab780b4961b46f7d573dd96825d221c1bbefe97c08c76341123b86d9673f0974fd932443621d1e7e6571187d4852128cd68c8fb39a340d516058ba75efbc190f9b2413c856c35d612e981e86201e779bb204fd2550aa27c98575a3bad8937058a8d8e7929a2534ecd00e1dcdac6c31bf1fe03d15410b5ebab3b4bd1ee05c3ac208752ef8060a3529c6eeabbe73a575f2a6e49bf7565b1563865eb9b11dac0b74d45bc4373d383b5929afc5c4f831189c74358d58af7b4574fa1f92ce69ac2fdf1f71e1400dc33c263160876ee7477c5ebda0538d3a6c7a9bcfdb57400d043dd6dea4e46a135971b2f8b38a0f03b35abe64cbef36a65e5b4c08b88ece940434ca624f70bc9cee71e8ee5d6b791d9468e37fe95a260b8c3080b7689ea5355c4502173f534bbc615b7350aa4eaaaa0d2a4ba36961dd411c27f6eabd345299705dcd7ccfe45edcdb336defa83701ae8648019a1de2b9bcfb1a17f9ef87d577cc1e0a791c3c400785558450b4f8ac9d2d60a6902976e0b21b2c7bfbccbfcd734471790a6e5528855916112350dd1f277578cc8ee2454e553d43d7ef89df93ce544ce06d12de0ac0bf784c8bcdc7b5b01c39298abb2dfe9e4b167e33a158899e493a08a7117d2ba9be78a981217289da91414ff66f585fe2904b1a96ea61bcba735e4da5a0c72edca83e6bb8819669e32429d33c5339cd37027ae18867d12acbe410ad69389be739fd2b855fe25d17948e564022789002301b7c57e4195a8a28eb612b8f16005577be0cc7814b91ab5a9c75e942eeb3bc8bec227a4b0c33ada84a5d7dbacf09387a644ab79b97c33d4e585e43d14346685d93465c8ba0ae55615b0a96c3bbb05bc4bf0c9dea84b849d329575f9d8756901f4f203b5cdd2c1844a267356cb4c019ebac578c6506ef4bbfa13a2ac27eecf6fd3e5c0a990c676f46bb4de654a0b33eb31c74e769b72ae9e57563054e6d8201184d41fa900b489f3cd95329c3db711667e9727aa86cc78022201d3ea25e21b858a943996c647baea4c80e9685db34a8d18104450c5cc483de9a637217cfa76acdaa77a5e5353a54d3331d717b5d06fd54c60e256266c5b46ec745d101edc5736f78642f52d88e07bb5818c086ca01c35f9e1c52c0830767e4c336e10ff3a93f066f1f4581fad15c397d305cd0a1c8b5c1ab5abe0f408a14238d027b6da5dd9d1408618c09a31e0dc52955127c90b04692057ca4539d89667373522a68ecaec97e1f2e4491c5e0060f7630eaa35538b5689f00830a3b22dbad7c0aa6dd86dda557b226cd90ba2b526cb469a7d2c1754d63023edfc414b92cf3e3365d54677d684861019dcfb63c7b2e990196070ac359d57128251521f2f34400787b6271d727b5c32e449a35c88d2af3365e9df7d2669a3772bf209d6eb0740b07ceb0ee6dd36fc44b7a5db33ada8434052f31672cfaf36104e1b03c09884b8a516c323f4c246c8644fde2f0514eac5106139f9ef7c9fe0c69ea6829d11fa08a17ac38ef56cf1078602dd534e896aef161209cf777c2e84d067a09997d9e3b9e377176c08c90e5d963383b46b64101fa0578039aae0b00321f71a95044dd18e20993902569b6524233792c82e7f19729788498d52c5c436644b1aa39de4edd824a4336152f0d5ae57933eaa4f2d2845f055baf18848a332701c35aa3bd09ff3b49ba247b1419f3b02db0dcbea6f7a4155a0bd76f06bf525a079fb9e138e89cf6088f3d97a82919db74354b5a610c70f85644edaf80fefdfa0c817d8b9fee88bb4b2c39e846f393ce0e04042d8c08060510b138f4fbec760a73c75bd75371c37953910f8e45593e4a4f1ea07cf9cf6e04792f757e97bb7b9d401ed7e2017dd4a179c3c024ad297077493ad5ad1ec2ab6a71f13dfe05b4fdf53c1e8de240d2df127e683af95c515d6072948e2fd070b72546c3db61999183013ce0703c508eab43109f3c109a75e0506bd33f3133a68bd15ba7d8156cf6df4023355625f297ebfb7aad611c7e57ba0f3c6fc1fa504861015da611a2ee575ddc1b9e6a0ba533a18a18f34de0be4d0b891239aa07a6b06a4b7f47e04bd242cf713b483565b8042bc5757490176c63c47e20534dbed2527f9d00f0947d6199d18047527ff5e5faaa14752f6f05066d7d4468d8e66b1a10bc9b59c29adeac5b2d9826a979965499e7ed1c3a97d3e6a7e8190da28f9643b7f1841ea32b50eeaccd2b0ef84ee079e9b5b255f5ed8b459adcbf63f056128043e4005e0486a6a6cb6ece37b3b3788fe39001149f8187ef400edc16169c1fcf4dd8b32a09d1315c981e7930acffe423f51b167f582620c46cef9e1163bd912e4efeea739a5d674b3ea25341fbb79a3ff3ff0c0686a07727b8eebe18cde0062473b51e53eb8f76674c34be4ad3dec0238ade056136685751793c445460b1e7e157874b469846546488a4b9455fc254d92d9a8e541b9711f5a23225512b06bcd13269ea6e52ee4fc46fe27d04c1c4041166bf1734945ae69961e1073c490651d82242de4e525c5c4c1c9e1e2d61f4a4ee1efbf46bef883dd782510c70e8130d7633552702a35263c31b64513287ecc692c3e7e2450543395480492f5b9733cccf536b9f0a335db43368ceb076f65271ef1cd2825824082ce79881de0d8bd15e6632aedc2c0b50e28b143fbc08000226ff054f1106df0d5770fb980e4a309dfb6cb50d6d623aca17655822ed3bbf588625576b3073bf674799c659f965fe35d15db48144138546c9ce7f570e4fc0ca56a9dfd90465ce6ead4dc5d49b6bc47d628ef34bf041a607a66e4f5cbb28c6c96fb92c08b24f55a16c024563bd753e72b4f41144e94bc8a87c364dd74b33b9da2eff3c67941373a48f48ac81eb1ce0a014a95df0df0e26c70116d49022399fab4ed26568bc29215f984a2bce0746bc6055adc2a1d65645c2258a9a82c103c6c9a8013319b678e4ea88fd5894e20cd048d234e5d0fc022c08735dbdce7060626b7c9ddaf9ed5d57233628e627014f20e6a61dab0a16683b54d3c472ebc94d5be85fc31080e72908243dd62853b557551362852629ea6aa6167c31783ba05fcfd0c2362c53ce6739cfbc4eaef324516348e7db1c93af318b7369b04f4d7d42c59c0858907e2b0046fb4c576c9bbc66c5326c3edd84843bdf6f534715e2e814ae8575ee15333f1ce31969dfb9a73a11b702ec1de13e653f19cd38ffd27315271b9efa0eee548408ccbd02e730f90a13eab507e26b3eee56d16f3be453d3dd0b780a54a7e391ad4aa80e23394da19c4f8987da81d8ef8c081f099fc4b14e085907bcbbdd7302c75d79508d61f71658286e051e5cb62c723702c2cc853244635afb35cd6f19402479bf7dfa297cee00354a83dbb035412a42b5e767c148e90e5129979d383148ba1335275fb1a60f6f485c27ec81f9ecd93e26b664f51ee93118abc4038e3317d238712446edb97154543de7a3f4ac8b916e1c04ebf23e38754b0ab8f91ef31feb73fa250fd5a6ec84690bb933068d26c4365771732e2be0fa559a91e3007736611e04d006788343370776aa187bfa91423083cf8b9a6de56025e19ac4ebf67c0e411b5103bd1f4bb313c5945a29078aaf09b14d7cb83e03731d47a669b36b00af361d77600140892c6b4bce3ba9ff550316211ab2c14b356a11a46770aef463745062b963385c8e22194bd3614fef98f10ea452d586b37082521d8d59580625a052448b0bb8b93c736cf7997578d31a220b8b9eaeb8c704fb2d3cb51bcf34ca1326cef06c855b553767209781b21905da0396b21d5a2ca6e63e70210a90a8bd5e2d98b826a17951b93725e89b181892ad26f5d10a82a037f063c8abd33440ea843d68d3b49058774618fb6bceb69de42a61383d96dada1288399ca101ce6137a67d7714e5337da0f53e0d13cf5346c52500edab53700f23f97aa4110b498a88483bc5512db1ca5dde687c00e0b6e3356d660e608f6b94abb469a4f4710b688cc96fcceab8670be75c3891e3c68b69fe1f70e4c7be2bed4afd635c81b412958a3f09ca50e9f87d065a0b4237254e1ad7ff5bd601ef2f4bf45d7d13aaf475cdb55c1bd1189c483ba4190fe9f384df69b85c05892f232f4c310a1386a6fcf4f4674640bd7d1009cccb946fa0ad4000c065406b12ed78deef40f2149c314ce501a7c8460b89da7a43d3ee002b6d43dcf4cd3b4388d0108cbe1d6f4e1a0b4bf03601656e164b3570ece24d78643424132ffa820ad90d79a1128a6e2205d2f77cb2128a01ee29530770c21e17
    _Values:
    - {fileID: 170076733}
    - {fileID: 170076735}
    - {fileID: 170076734}
    - {fileID: 534669902}
    - {fileID: 534669905}
    - {fileID: 534669904}
    - {fileID: 534669903}
    - {fileID: 11500000, guid: 0cd44c1031e13a943bb63640046fad76, type: 3}
    - {fileID: 11500000, guid: 76c392e42b5098c458856cdf6ecaaaa1, type: 3}
    - {fileID: 11500000, guid: dc42784cf147c0c48a680349fa168899, type: 3}
    - {fileID: 11500000, guid: fe87c0e1cc204ed48ad3b37840f39efc, type: 3}
    - {fileID: 11500000, guid: 4f231c4fb786f3946a6b90b886c48677, type: 3}
    - {fileID: 7400000, guid: 4d341fb91bc7f744199800456c1142e8, type: 2}
    - {fileID: 7400000, guid: d83cc33df29e62249ac260245c4848b8, type: 2}
    - {fileID: 11400000, guid: c78990fd74318604aa939f2ba7b8f0db, type: 2}
    - {fileID: 9100000, guid: 96272a1505ea38547a3102b6564f8395, type: 2}
    - {fileID: 534669906}
    - {fileID: 1887009370}
    - {fileID: 1887009373}
    - {fileID: 1887009372}
    - {fileID: 1887009371}
    - {fileID: 415479564}
    - {fileID: 415479568}
    - {fileID: 415479567}
    - {fileID: 415479566}
    - {fileID: 415479565}
    - {fileID: 11500000, guid: a3ffdb08ee1c2114882cf51a73e10002, type: 3}
    - {fileID: 11500000, guid: 52726ee499b2d1c4f8130905e2d2868c, type: 3}
    - {fileID: 11500000, guid: 6b0c3d6fcc06257458244e0a869a7fc8, type: 3}
    - {fileID: 11500000, guid: 0644c5013e9b326408370b1a645baa27, type: 3}
    - {fileID: 24100000, guid: 824e9ea538b2e7c4b88658918b6c816b, type: 2}
    - {fileID: 24300002, guid: 824e9ea538b2e7c4b88658918b6c816b, type: 2}
    - {fileID: 24500006, guid: 824e9ea538b2e7c4b88658918b6c816b, type: 2}
    - {fileID: 243492578036579002, guid: 824e9ea538b2e7c4b88658918b6c816b, type: 2}
    - {fileID: 243151498299357370, guid: 824e9ea538b2e7c4b88658918b6c816b, type: 2}
    - {fileID: 4234296525899849934, guid: 2efb16fa3a86b4d46af02d71175001d0, type: 3}
    - {fileID: 2855330151740963876, guid: 2efb16fa3a86b4d46af02d71175001d0, type: 3}
    - {fileID: 4234296525899849935, guid: 2efb16fa3a86b4d46af02d71175001d0, type: 3}
    - {fileID: 11500000, guid: 4e29b1a8efbd4b44bb3f3716e73f07ff, type: 3}
    - {fileID: 11500000, guid: d0b148fe25e99eb48b9724523833bab1, type: 3}
    - {fileID: 11500000, guid: 67db9e8f0e2ae9c40bc1e2b64352a6b4, type: 3}
    - {fileID: 11500000, guid: 5f7201a12d95ffc409449d95f23cf332, type: 3}
    - {fileID: 11500000, guid: 0b12c27b1357d41138e98d67703a0cc3, type: 3}
    - {fileID: 11500000, guid: 0ffcfb6d0266347848bf69a03919f483, type: 3}
    - {fileID: 2100000, guid: e490a80c3724140c0ad176edb075a09e, type: 2}
    - {fileID: 2100000, guid: 4ffa55bacb8126a4b9147fedfd7fefe2, type: 3}
    - {fileID: 11500000, guid: fc60384a0af08e3458de58ce8a19cf67, type: 3}
    - {fileID: 11500000, guid: 5055e92d340789a4981f91057adbd74b, type: 3}
    - {fileID: 10100, guid: 0000000000000000e000000000000000, type: 0}
    - {fileID: 11400000, guid: 79b3a58975db94dc0878c84bf4315875, type: 2}
    - {fileID: 1371469743}
    - {fileID: 1371469744}
    - {fileID: 1364484192}
    - {fileID: 613950237}
    - {fileID: 613950238}
    - {fileID: 613950241}
    - {fileID: 613950240}
    - {fileID: 167221908}
    - {fileID: 167221910}
    - {fileID: 1364484190}
    - {fileID: 1364484191}
    - {fileID: 1364484193}
    - {fileID: 1829217895}
    - {fileID: 1371469745}
    - {fileID: 1829217894}
    - {fileID: 1829217900}
    - {fileID: 1829217899}
    - {fileID: 1829217898}
    - {fileID: 11500000, guid: 866cded52ac3f8f42810eeb4f0eb8f1a, type: 3}
    - {fileID: 11500000, guid: eaaac2401f0636143b4bafcc395f6c67, type: 3}
    - {fileID: 11500000, guid: 882e8420220e5f54a8d8619e292a9228, type: 3}
    - {fileID: 11500000, guid: c82715d450c1c464aae4cc49ea92dd8e, type: 3}
    - {fileID: 513527233}
    - {fileID: 513527234}
    - {fileID: 513527235}
    - {fileID: 513527236}
    - {fileID: 5149086280350245692, guid: b0f24c01bdb0c5043947615d8d4190e5, type: 3}
    - {fileID: 5149086280350245695, guid: b0f24c01bdb0c5043947615d8d4190e5, type: 3}
    - {fileID: 5149086280350245693, guid: b0f24c01bdb0c5043947615d8d4190e5, type: 3}
    - {fileID: 5149086280350245683, guid: b0f24c01bdb0c5043947615d8d4190e5, type: 3}
    - {fileID: 5149086280350245682, guid: b0f24c01bdb0c5043947615d8d4190e5, type: 3}
    - {fileID: 513527237}
    - {fileID: 955690972}
    - {fileID: 955690971}
    - {fileID: 955690968}
    - {fileID: 856380034, guid: 2efb16fa3a86b4d46af02d71175001d0, type: 3}
    - {fileID: 856380035, guid: 2efb16fa3a86b4d46af02d71175001d0, type: 3}
    - {fileID: 955690970}
    - {fileID: 955690969}
    - {fileID: 1389921021}
    - {fileID: 1389921020}
    - {fileID: 1389921019}
    - {fileID: 11500000, guid: 50ab236b0c707de4b95aabf2bbf86c02, type: 3}
    - {fileID: 8443939309053696253, guid: a11ab93f5f2ec25479829a7f3f4c824d, type: 3}
    - {fileID: 8443939309053696251, guid: a11ab93f5f2ec25479829a7f3f4c824d, type: 3}
    - {fileID: 8443939309053696252, guid: a11ab93f5f2ec25479829a7f3f4c824d, type: 3}
    - {fileID: 1887009370}
    - {fileID: 1887009373}
    - {fileID: 1887009372}
    - {fileID: 11500000, guid: 76c392e42b5098c458856cdf6ecaaaa1, type: 3}
    - {fileID: 1887009371}
    - {fileID: 11500000, guid: 4f231c4fb786f3946a6b90b886c48677, type: 3}
    - {fileID: 534669902}
    - {fileID: 534669905}
    - {fileID: 534669904}
    - {fileID: 534669903}
    - {fileID: 534669906}
    - {fileID: 11500000, guid: a3ffdb08ee1c2114882cf51a73e10002, type: 3}
    - {fileID: 11400000, guid: c78990fd74318604aa939f2ba7b8f0db, type: 2}
    - {fileID: 11500000, guid: 0644c5013e9b326408370b1a645baa27, type: 3}
    - {fileID: 170076733}
    - {fileID: 170076735}
    - {fileID: 170076734}
    - {fileID: 167221908}
    - {fileID: 167221910}
    - {fileID: 11500000, guid: 5055e92d340789a4981f91057adbd74b, type: 3}
    - {fileID: 955690968}
    - {fileID: 955690972}
    - {fileID: 955690971}
    - {fileID: 11500000, guid: 52726ee499b2d1c4f8130905e2d2868c, type: 3}
    - {fileID: 24500006, guid: 824e9ea538b2e7c4b88658918b6c816b, type: 2}
    - {fileID: 24100000, guid: 824e9ea538b2e7c4b88658918b6c816b, type: 2}
    - {fileID: 955690969}
    - {fileID: 955690970}
    - {fileID: 415479564}
    - {fileID: 415479568}
    - {fileID: 415479567}
    - {fileID: 415479566}
    - {fileID: 11500000, guid: 0cd44c1031e13a943bb63640046fad76, type: 3}
    - {fileID: 415479565}
    - {fileID: 11500000, guid: dc42784cf147c0c48a680349fa168899, type: 3}
    - {fileID: 11500000, guid: 866cded52ac3f8f42810eeb4f0eb8f1a, type: 3}
    - {fileID: 11500000, guid: fc60384a0af08e3458de58ce8a19cf67, type: 3}
    - {fileID: 1364484192}
    - {fileID: 11500000, guid: 0ffcfb6d0266347848bf69a03919f483, type: 3}
    - {fileID: 11400000, guid: 79b3a58975db94dc0878c84bf4315875, type: 2}
    - {fileID: 11500000, guid: 0b12c27b1357d41138e98d67703a0cc3, type: 3}
    - {fileID: 1371469743}
    - {fileID: 1371469744}
    - {fileID: 1371469745}
    - {fileID: 11500000, guid: c82715d450c1c464aae4cc49ea92dd8e, type: 3}
    - {fileID: 613950237}
    - {fileID: 613950238}
    - {fileID: 613950241}
    - {fileID: 613950240}
    - {fileID: 11500000, guid: 4e29b1a8efbd4b44bb3f3716e73f07ff, type: 3}
    - {fileID: 1829217894}
    - {fileID: 1829217895}
    - {fileID: 1829217900}
    - {fileID: 1829217899}
    - {fileID: 1829217898}
    - {fileID: 11500000, guid: 882e8420220e5f54a8d8619e292a9228, type: 3}
    - {fileID: 11500000, guid: d0b148fe25e99eb48b9724523833bab1, type: 3}
    - {fileID: 11500000, guid: 67db9e8f0e2ae9c40bc1e2b64352a6b4, type: 3}
    - {fileID: 1364484190}
    - {fileID: 1364484191}
    - {fileID: 1364484193}
    - {fileID: 513527234}
    - {fileID: 513527233}
    - {fileID: 513527236}
    - {fileID: 513527235}
    - {fileID: 513527237}
    - {fileID: 1389921019}
    - {fileID: 1389921021}
    - {fileID: 1389921020}
    - {fileID: 11500000, guid: 50ab236b0c707de4b95aabf2bbf86c02, type: 3}
    - {fileID: 2800000, guid: 937efb15d12e2e147a2670810f565fd6, type: 3}
    - {fileID: 12800000, guid: 937efb15d12e2e147a2670810f565fd6, type: 3}
    - {fileID: 10912, guid: 0000000000000000f000000000000000, type: 0}
    - {fileID: 10913, guid: 0000000000000000f000000000000000, type: 0}
    - {fileID: 2800000, guid: 0733b8615ed8944c0bb333f42af94696, type: 3}
    - {fileID: 2800000, guid: f79d9106324c1443da9c6cbbae22b9c1, type: 3}
    - {fileID: 12800000, guid: 4ffa55bacb8126a4b9147fedfd7fefe2, type: 3}
    - {fileID: 4800000, guid: c61f339ade7b3e849938050354b1c448, type: 3}
    - {fileID: 2800000, guid: 4ffa55bacb8126a4b9147fedfd7fefe2, type: 3}
    - {fileID: 10904, guid: 0000000000000000f000000000000000, type: 0}
    - {fileID: 10905, guid: 0000000000000000f000000000000000, type: 0}
    - {fileID: 10906, guid: 0000000000000000f000000000000000, type: 0}
    - {fileID: 10907, guid: 0000000000000000f000000000000000, type: 0}
    - {fileID: 11400000, guid: 5b9268e4d54e94aa997127932e4930ee, type: 2}
    - {fileID: 11500000, guid: 794326dc24b7a4026af5ad915e9f99b7, type: 3}
    - {fileID: 1987878038}
    - {fileID: 915797018}
    - {fileID: 1887009370}
    - {fileID: 1887009373}
    - {fileID: 1887009372}
    - {fileID: 1887009371}
    - {fileID: 534669902}
    - {fileID: 534669905}
    - {fileID: 534669904}
    - {fileID: 534669903}
    - {fileID: 534669906}
    - {fileID: 170076733}
    - {fileID: 170076735}
    - {fileID: 170076734}
    - {fileID: 167221908}
    - {fileID: 167221910}
    - {fileID: 513527237}
    - {fileID: 24300002, guid: 824e9ea538b2e7c4b88658918b6c816b, type: 2}
    - {fileID: 243151498299357370, guid: 824e9ea538b2e7c4b88658918b6c816b, type: 2}
    - {fileID: 243492578036579002, guid: 824e9ea538b2e7c4b88658918b6c816b, type: 2}
    - {fileID: 955690968}
    - {fileID: 955690972}
    - {fileID: 955690971}
    - {fileID: 955690969}
    - {fileID: 955690970}
    - {fileID: 415479564}
    - {fileID: 415479568}
    - {fileID: 415479567}
    - {fileID: 415479566}
    - {fileID: 415479565}
    - {fileID: 1364484192}
    - {fileID: 2100000, guid: 4ffa55bacb8126a4b9147fedfd7fefe2, type: 3}
    - {fileID: 2100000, guid: e490a80c3724140c0ad176edb075a09e, type: 2}
    - {fileID: 1371469743}
    - {fileID: 1371469744}
    - {fileID: 1371469745}
    - {fileID: 613950237}
    - {fileID: 613950238}
    - {fileID: 613950241}
    - {fileID: 613950240}
    - {fileID: 2800000, guid: 494354e5e2b3c9f43b355047a010460b, type: 3}
    - {fileID: 21300000, guid: 494354e5e2b3c9f43b355047a010460b, type: 3}
    - {fileID: 1829217894}
    - {fileID: 1829217895}
    - {fileID: 1829217900}
    - {fileID: 1829217899}
    - {fileID: 1829217898}
    - {fileID: 1364484190}
    - {fileID: 1364484191}
    - {fileID: 1364484193}
    - {fileID: 513527234}
    - {fileID: 513527233}
    - {fileID: 513527236}
    - {fileID: 513527235}
    - {fileID: 1389921019}
    - {fileID: 1389921021}
    - {fileID: 1389921020}
    - {fileID: 2800000, guid: d0b5845792d9aad44805246071d9c30b, type: 3}
    - {fileID: 12800000, guid: d0b5845792d9aad44805246071d9c30b, type: 3}
    - {fileID: 2800000, guid: d666426da46dbcb418ca5a3b2827602a, type: 3}
    - {fileID: 21300000, guid: d666426da46dbcb418ca5a3b2827602a, type: 3}
    - {fileID: 2800000, guid: add79894cca4e224c891f58a39237ad6, type: 3}
    - {fileID: 21300000, guid: add79894cca4e224c891f58a39237ad6, type: 3}
    - {fileID: 1887009370}
    - {fileID: 1887009373}
    - {fileID: 1887009372}
    - {fileID: 1887009371}
    - {fileID: 534669902}
    - {fileID: 534669905}
    - {fileID: 534669904}
    - {fileID: 534669903}
    - {fileID: 534669906}
    - {fileID: 170076733}
    - {fileID: 170076735}
    - {fileID: 170076734}
    - {fileID: 167221908}
    - {fileID: 167221910}
    - {fileID: 513527237}
    - {fileID: 955690968}
    - {fileID: 955690972}
    - {fileID: 955690971}
    - {fileID: 955690969}
    - {fileID: 955690970}
    - {fileID: 415479564}
    - {fileID: 415479568}
    - {fileID: 415479567}
    - {fileID: 415479566}
    - {fileID: 415479565}
    - {fileID: 1364484192}
    - {fileID: 1371469743}
    - {fileID: 1371469744}
    - {fileID: 1371469745}
    - {fileID: 613950237}
    - {fileID: 613950238}
    - {fileID: 613950241}
    - {fileID: 613950240}
    - {fileID: 1829217894}
    - {fileID: 1829217895}
    - {fileID: 1829217900}
    - {fileID: 1829217899}
    - {fileID: 1829217898}
    - {fileID: 1364484190}
    - {fileID: 1364484191}
    - {fileID: 1364484193}
    - {fileID: 513527234}
    - {fileID: 513527233}
    - {fileID: 513527236}
    - {fileID: 513527235}
    - {fileID: 1389921019}
    - {fileID: 1389921021}
    - {fileID: 1389921020}
    - {fileID: 8300000, guid: 8590d2cd814c7164a82f380d11a6c7cc, type: 3}
    - {fileID: 1887009370}
    - {fileID: 1887009373}
    - {fileID: 1887009372}
    - {fileID: 1887009371}
    - {fileID: 534669902}
    - {fileID: 534669905}
    - {fileID: 534669904}
    - {fileID: 534669903}
    - {fileID: 534669906}
    - {fileID: 170076733}
    - {fileID: 170076735}
    - {fileID: 170076734}
    - {fileID: 167221908}
    - {fileID: 167221910}
    - {fileID: 167221911}
    - {fileID: 11500000, guid: 9b82fca7cf003dc47bb7480cf79972c1, type: 3}
    - {fileID: 513527237}
    - {fileID: 955690968}
    - {fileID: 955690972}
    - {fileID: 955690971}
    - {fileID: 955690969}
    - {fileID: 955690970}
    - {fileID: 415479564}
    - {fileID: 415479568}
    - {fileID: 415479567}
    - {fileID: 415479566}
    - {fileID: 415479565}
    - {fileID: 1371469743}
    - {fileID: 1371469744}
    - {fileID: 1371469745}
    - {fileID: 613950237}
    - {fileID: 613950238}
    - {fileID: 613950241}
    - {fileID: 613950240}
    - {fileID: 2800000, guid: 93ae57483a9f1fd488a86100ee7763a9, type: 3}
    - {fileID: 21300000, guid: 93ae57483a9f1fd488a86100ee7763a9, type: 3}
    - {fileID: 1829217894}
    - {fileID: 1829217895}
    - {fileID: 1829217900}
    - {fileID: 1829217899}
    - {fileID: 1829217898}
    - {fileID: 1364484190}
    - {fileID: 1364484191}
    - {fileID: 1364484193}
    - {fileID: 1364484192}
    - {fileID: 513527234}
    - {fileID: 513527233}
    - {fileID: 513527236}
    - {fileID: 513527235}
    - {fileID: 1389921019}
    - {fileID: 1389921021}
    - {fileID: 1389921020}
    - {fileID: 1887009370}
    - {fileID: 1887009373}
    - {fileID: 1887009372}
    - {fileID: 1887009371}
    - {fileID: 534669902}
    - {fileID: 534669905}
    - {fileID: 534669904}
    - {fileID: 534669903}
    - {fileID: 534669906}
    - {fileID: 170076733}
    - {fileID: 170076735}
    - {fileID: 170076734}
    - {fileID: 167221908}
    - {fileID: 167221910}
    - {fileID: 167221911}
    - {fileID: 513527237}
    - {fileID: 955690968}
    - {fileID: 955690972}
    - {fileID: 955690971}
    - {fileID: 955690969}
    - {fileID: 955690970}
    - {fileID: 415479564}
    - {fileID: 415479568}
    - {fileID: 415479567}
    - {fileID: 415479566}
    - {fileID: 415479565}
    - {fileID: 1371469743}
    - {fileID: 1371469744}
    - {fileID: 1371469745}
    - {fileID: 1371469746}
    - {fileID: 11500000, guid: 87156a4cd393428438d7afc1fbea2b79, type: 3}
    - {fileID: 613950237}
    - {fileID: 613950238}
    - {fileID: 613950241}
    - {fileID: 613950240}
    - {fileID: 1829217894}
    - {fileID: 1829217895}
    - {fileID: 1829217900}
    - {fileID: 1829217899}
    - {fileID: 1829217898}
    - {fileID: 1364484190}
    - {fileID: 1364484191}
    - {fileID: 1364484193}
    - {fileID: 1364484192}
    - {fileID: 513527234}
    - {fileID: 513527233}
    - {fileID: 513527236}
    - {fileID: 513527235}
    - {fileID: 1389921019}
    - {fileID: 1389921021}
    - {fileID: 1389921020}
    - {fileID: 1887009370}
    - {fileID: 1887009373}
    - {fileID: 1887009372}
    - {fileID: 1887009371}
    - {fileID: 534669902}
    - {fileID: 534669905}
    - {fileID: 534669904}
    - {fileID: 534669903}
    - {fileID: 534669906}
    - {fileID: 170076733}
    - {fileID: 170076735}
    - {fileID: 170076734}
    - {fileID: 167221908}
    - {fileID: 167221910}
    - {fileID: 167221911}
    - {fileID: 513527237}
    - {fileID: 955690968}
    - {fileID: 955690972}
    - {fileID: 955690971}
    - {fileID: 955690969}
    - {fileID: 955690970}
    - {fileID: 415479564}
    - {fileID: 415479568}
    - {fileID: 415479567}
    - {fileID: 415479566}
    - {fileID: 415479565}
    - {fileID: 415479569}
    - {fileID: 11500000, guid: 357197e842d24f043997faa5cad38067, type: 3}
    - {fileID: 1371469743}
    - {fileID: 1371469744}
    - {fileID: 1371469745}
    - {fileID: 1371469746}
    - {fileID: 613950237}
    - {fileID: 613950238}
    - {fileID: 613950241}
    - {fileID: 613950240}
    - {fileID: 1829217894}
    - {fileID: 1829217895}
    - {fileID: 1829217900}
    - {fileID: 1829217899}
    - {fileID: 1829217898}
    - {fileID: 1364484190}
    - {fileID: 1364484191}
    - {fileID: 1364484193}
    - {fileID: 1364484192}
    - {fileID: 513527234}
    - {fileID: 513527233}
    - {fileID: 513527236}
    - {fileID: 513527235}
    - {fileID: 1389921019}
    - {fileID: 1389921021}
    - {fileID: 1389921020}
    - {fileID: 2075039175}
    - {fileID: 2075039176}
    - {fileID: 351406721}
    - {fileID: 351406722}
    - {fileID: 351406723}
    - {fileID: 2038529509}
    - {fileID: 2038529510}
    - {fileID: 2038529511}
    - {fileID: 21300000, guid: 0c926a2e165fa8d489b9dc4aa2b6e2bc, type: 3}
    - {fileID: 2100000, guid: 11c9685f98d3f924fba51e2dfc5e1d41, type: 2}
    - {fileID: 534669907}
    - {fileID: 11500000, guid: 54415757aaddf4b8a9cd7122fd120cc6, type: 3}
    - {fileID: 11400000, guid: 39a47ed5cbded3742bf38a56aec2e322, type: 2}
    - {fileID: 11500000, guid: 8a6a4566c8b774512813a3992aa8b88d, type: 3}
    - {fileID: 2800000, guid: f5c5080de097a4274bab7bc2bf5017f6, type: 3}
    - {fileID: 4800000, guid: 1cb716be5dc9d4230ada327d9468ff41, type: 3}
    - {fileID: 2100000, guid: 415a5de44cae872459a21b152fbde7ec, type: 2}
    - {fileID: 534669908}
    - {fileID: 11500000, guid: 981631c2587a37049b711c14614440cc, type: 3}
    - {fileID: 631248652}
    - {fileID: 631248653}
    - {fileID: 631248655}
    - {fileID: 631248654}
    - {fileID: 0}
    - {fileID: 0}
--- !u!114 &1409737040
MonoBehaviour:
  m_ObjectHideFlags: 0
  m_CorrespondingSourceObject: {fileID: 0}
  m_PrefabInstance: {fileID: 0}
  m_PrefabAsset: {fileID: 0}
  m_GameObject: {fileID: 1409737037}
  m_Enabled: 1
  m_EditorHideFlags: 0
  m_Script: {fileID: 11500000, guid: 8714d999c5ae749538494c1347e5a3ca, type: 3}
  m_Name: 
  m_EditorClassIdentifier: 
  message: 'The Easy Save 3 Manager is required in any scenes which use Easy Save,
    and is automatically added to your scene when you enter Play mode.


    To stop
    this from automatically being added to your scene, go to ''Window > Easy Save
    3 > Settings'' and deselect the ''Auto Add Manager to Scene'' checkbox.'
--- !u!4 &1409737041
Transform:
  m_ObjectHideFlags: 0
  m_CorrespondingSourceObject: {fileID: 0}
  m_PrefabInstance: {fileID: 0}
  m_PrefabAsset: {fileID: 0}
  m_GameObject: {fileID: 1409737037}
  m_LocalRotation: {x: 0, y: 0, z: 0, w: 1}
  m_LocalPosition: {x: 0, y: 0, z: 0}
  m_LocalScale: {x: 1, y: 1, z: 1}
  m_ConstrainProportionsScale: 0
  m_Children: []
  m_Father: {fileID: 0}
  m_RootOrder: 3
  m_LocalEulerAnglesHint: {x: 0, y: 0, z: 0}
--- !u!1 &1829217894
GameObject:
  m_ObjectHideFlags: 0
  m_CorrespondingSourceObject: {fileID: 0}
  m_PrefabInstance: {fileID: 0}
  m_PrefabAsset: {fileID: 0}
  serializedVersion: 6
  m_Component:
  - component: {fileID: 1829217895}
  - component: {fileID: 1829217900}
  - component: {fileID: 1829217899}
  - component: {fileID: 1829217898}
  m_Layer: 5
  m_Name: BackToMenu
  m_TagString: Untagged
  m_Icon: {fileID: 0}
  m_NavMeshLayer: 0
  m_StaticEditorFlags: 0
  m_IsActive: 1
--- !u!224 &1829217895
RectTransform:
  m_ObjectHideFlags: 0
  m_CorrespondingSourceObject: {fileID: 0}
  m_PrefabInstance: {fileID: 0}
  m_PrefabAsset: {fileID: 0}
  m_GameObject: {fileID: 1829217894}
  m_LocalRotation: {x: -0, y: -0, z: -0, w: 1}
  m_LocalPosition: {x: 0, y: 0, z: 0}
  m_LocalScale: {x: 0.9999998, y: 0.9999998, z: 0.9999998}
  m_ConstrainProportionsScale: 0
  m_Children:
  - {fileID: 1364484191}
  m_Father: {fileID: 1371469744}
  m_RootOrder: 2
  m_LocalEulerAnglesHint: {x: 0, y: 0, z: 0}
  m_AnchorMin: {x: 0.5, y: 0.5}
  m_AnchorMax: {x: 0.5, y: 0.5}
  m_AnchoredPosition: {x: 0.00012207031, y: -813}
  m_SizeDelta: {x: 457.73, y: 189.6}
  m_Pivot: {x: 0.5, y: 0.5}
--- !u!114 &1829217898
MonoBehaviour:
  m_ObjectHideFlags: 0
  m_CorrespondingSourceObject: {fileID: 0}
  m_PrefabInstance: {fileID: 0}
  m_PrefabAsset: {fileID: 0}
  m_GameObject: {fileID: 1829217894}
  m_Enabled: 1
  m_EditorHideFlags: 0
  m_Script: {fileID: 11500000, guid: 4e29b1a8efbd4b44bb3f3716e73f07ff, type: 3}
  m_Name: 
  m_EditorClassIdentifier: 
  m_Navigation:
    m_Mode: 3
    m_WrapAround: 0
    m_SelectOnUp: {fileID: 0}
    m_SelectOnDown: {fileID: 0}
    m_SelectOnLeft: {fileID: 0}
    m_SelectOnRight: {fileID: 0}
  m_Transition: 1
  m_Colors:
    m_NormalColor: {r: 1, g: 1, b: 1, a: 1}
    m_HighlightedColor: {r: 0.9607843, g: 0.9607843, b: 0.9607843, a: 1}
    m_PressedColor: {r: 0.78431374, g: 0.78431374, b: 0.78431374, a: 1}
    m_SelectedColor: {r: 0.9607843, g: 0.9607843, b: 0.9607843, a: 1}
    m_DisabledColor: {r: 0.78431374, g: 0.78431374, b: 0.78431374, a: 0.5019608}
    m_ColorMultiplier: 1
    m_FadeDuration: 0.1
  m_SpriteState:
    m_HighlightedSprite: {fileID: 0}
    m_PressedSprite: {fileID: 0}
    m_SelectedSprite: {fileID: 0}
    m_DisabledSprite: {fileID: 0}
  m_AnimationTriggers:
    m_NormalTrigger: Normal
    m_HighlightedTrigger: Highlighted
    m_PressedTrigger: Pressed
    m_SelectedTrigger: Highlighted
    m_DisabledTrigger: Disabled
  m_Interactable: 1
  m_TargetGraphic: {fileID: 1829217899}
  m_OnClick:
    m_PersistentCalls:
      m_Calls:
      - m_Target: {fileID: 167221911}
        m_TargetAssemblyTypeName: WinManager, Assembly-CSharp
        m_MethodName: BackToMenu
        m_Mode: 1
        m_Arguments:
          m_ObjectArgument: {fileID: 0}
          m_ObjectArgumentAssemblyTypeName: UnityEngine.Object, UnityEngine
          m_IntArgument: 0
          m_FloatArgument: 0
          m_StringArgument: 
          m_BoolArgument: 0
        m_CallState: 2
--- !u!114 &1829217899
MonoBehaviour:
  m_ObjectHideFlags: 0
  m_CorrespondingSourceObject: {fileID: 0}
  m_PrefabInstance: {fileID: 0}
  m_PrefabAsset: {fileID: 0}
  m_GameObject: {fileID: 1829217894}
  m_Enabled: 1
  m_EditorHideFlags: 0
  m_Script: {fileID: 11500000, guid: fe87c0e1cc204ed48ad3b37840f39efc, type: 3}
  m_Name: 
  m_EditorClassIdentifier: 
  m_Material: {fileID: 0}
  m_Color: {r: 1, g: 1, b: 1, a: 1}
  m_RaycastTarget: 1
  m_RaycastPadding: {x: 0, y: 0, z: 0, w: 0}
  m_Maskable: 1
  m_OnCullStateChanged:
    m_PersistentCalls:
      m_Calls: []
  m_Sprite: {fileID: 21300000, guid: 494354e5e2b3c9f43b355047a010460b, type: 3}
  m_Type: 0
  m_PreserveAspect: 0
  m_FillCenter: 1
  m_FillMethod: 4
  m_FillAmount: 1
  m_FillClockwise: 1
  m_FillOrigin: 0
  m_UseSpriteMesh: 0
  m_PixelsPerUnitMultiplier: 1
--- !u!222 &1829217900
CanvasRenderer:
  m_ObjectHideFlags: 0
  m_CorrespondingSourceObject: {fileID: 0}
  m_PrefabInstance: {fileID: 0}
  m_PrefabAsset: {fileID: 0}
  m_GameObject: {fileID: 1829217894}
  m_CullTransparentMesh: 0
--- !u!1 &1887009370
GameObject:
  m_ObjectHideFlags: 0
  m_CorrespondingSourceObject: {fileID: 0}
  m_PrefabInstance: {fileID: 0}
  m_PrefabAsset: {fileID: 0}
  serializedVersion: 6
  m_Component:
  - component: {fileID: 1887009373}
  - component: {fileID: 1887009372}
  - component: {fileID: 1887009371}
  m_Layer: 0
  m_Name: EventSystem
  m_TagString: Untagged
  m_Icon: {fileID: 0}
  m_NavMeshLayer: 0
  m_StaticEditorFlags: 0
  m_IsActive: 1
--- !u!114 &1887009371
MonoBehaviour:
  m_ObjectHideFlags: 0
  m_CorrespondingSourceObject: {fileID: 0}
  m_PrefabInstance: {fileID: 0}
  m_PrefabAsset: {fileID: 0}
  m_GameObject: {fileID: 1887009370}
  m_Enabled: 1
  m_EditorHideFlags: 0
  m_Script: {fileID: 11500000, guid: 4f231c4fb786f3946a6b90b886c48677, type: 3}
  m_Name: 
  m_EditorClassIdentifier: 
  m_HorizontalAxis: Horizontal
  m_VerticalAxis: Vertical
  m_SubmitButton: Submit
  m_CancelButton: Cancel
  m_InputActionsPerSecond: 10
  m_RepeatDelay: 0.5
  m_ForceModuleActive: 0
--- !u!114 &1887009372
MonoBehaviour:
  m_ObjectHideFlags: 0
  m_CorrespondingSourceObject: {fileID: 0}
  m_PrefabInstance: {fileID: 0}
  m_PrefabAsset: {fileID: 0}
  m_GameObject: {fileID: 1887009370}
  m_Enabled: 1
  m_EditorHideFlags: 0
  m_Script: {fileID: 11500000, guid: 76c392e42b5098c458856cdf6ecaaaa1, type: 3}
  m_Name: 
  m_EditorClassIdentifier: 
  m_FirstSelected: {fileID: 0}
  m_sendNavigationEvents: 1
  m_DragThreshold: 10
--- !u!4 &1887009373
Transform:
  m_ObjectHideFlags: 0
  m_CorrespondingSourceObject: {fileID: 0}
  m_PrefabInstance: {fileID: 0}
  m_PrefabAsset: {fileID: 0}
  m_GameObject: {fileID: 1887009370}
  m_LocalRotation: {x: 0, y: 0, z: 0, w: 1}
  m_LocalPosition: {x: 0, y: 0, z: 0}
  m_LocalScale: {x: 1, y: 1, z: 1}
  m_ConstrainProportionsScale: 0
  m_Children: []
  m_Father: {fileID: 0}
  m_RootOrder: 0
  m_LocalEulerAnglesHint: {x: 0, y: 0, z: 0}
--- !u!43 &1987878038
Mesh:
  m_ObjectHideFlags: 0
  m_CorrespondingSourceObject: {fileID: 0}
  m_PrefabInstance: {fileID: 0}
  m_PrefabAsset: {fileID: 0}
  m_Name: 
  serializedVersion: 10
  m_SubMeshes:
  - serializedVersion: 2
    firstByte: 0
    indexCount: 24
    topology: 0
    baseVertex: 0
    firstVertex: 0
    vertexCount: 16
    localAABB:
      m_Center: {x: -0.826561, y: -2.1490622, z: 0}
      m_Extent: {x: 104.14688, y: 29.260315, z: 0}
  m_Shapes:
    vertices: []
    shapes: []
    channels: []
    fullWeights: []
  m_BindPose: []
  m_BoneNameHashes: 
  m_RootBoneNameHash: 0
  m_BonesAABB: []
  m_VariableBoneCountWeights:
    m_Data: 
  m_MeshCompression: 0
  m_IsReadable: 1
  m_KeepVertices: 1
  m_KeepIndices: 1
  m_IndexFormat: 0
  m_IndexBuffer: 000001000200000002000300040005000600040006000700080009000a0008000a000b000c000d000e000c000e000f00
  m_VertexData:
    serializedVersion: 3
    m_VertexCount: 16
    m_Channels:
    - stream: 0
      offset: 0
      format: 0
      dimension: 3
    - stream: 0
      offset: 0
      format: 0
      dimension: 0
    - stream: 0
      offset: 0
      format: 0
      dimension: 0
    - stream: 0
      offset: 12
      format: 2
      dimension: 4
    - stream: 0
      offset: 16
      format: 0
      dimension: 2
    - stream: 0
      offset: 24
      format: 0
      dimension: 2
    - stream: 0
      offset: 32
      format: 0
      dimension: 4
    - stream: 0
      offset: 48
      format: 0
      dimension: 4
    - stream: 0
      offset: 0
      format: 0
      dimension: 0
    - stream: 0
      offset: 0
      format: 0
      dimension: 0
    - stream: 0
      offset: 0
      format: 0
      dimension: 0
    - stream: 0
      offset: 0
      format: 0
      dimension: 0
    - stream: 0
      offset: 0
      format: 0
      dimension: 0
    - stream: 0
      offset: 0
      format: 0
      dimension: 0
    m_DataSize: 1024
    _typelessdata: 67f2d1c2ec91ae4100000000ffffffff0000683e0000783e00000000000000000000683e0000783e0000e83d0000f83d0000803f9a9953420000803f0000803f00e856c2ec91ae4100000000ffffffff0000683e0000000000000000000000000000683e0000783e0000e83d0000f83d0000803f9a9953420000803f0000803f00e856c27bf4d0c100000000ffffffff000000000000000000000000000000000000683e0000783e0000e83d0000f83d0000803f9a9953420000803f0000803f67f2d1c27bf4d0c100000000ffffffff000000000000783e00000000000000000000683e0000783e0000e83d0000f83d0000803f9a9953420000803f0000803f026046c20040844100000000ffffffff0000683e0000000000000000000000000000603e0000683e0000ac3e0000e83d000000009a9953420000803f0000803fba9953c00040844100000000ffffffff0000e43e0000000000000000000000000000603e0000683e0000ac3e0000e83d000000009a9953420000803f0000803fba9953c06746fbc100000000ffffffff0000e43e0000683e00000000000000000000603e0000683e0000ac3e0000e83d000000009a9953420000803f0000803f026046c26746fbc100000000ffffffff0000683e0000683e00000000000000000000603e0000683e0000ac3e0000e83d000000009a9953420000803f0000803f9a995340ec91ae4100000000ffffffff000000000000783e00000000000000000000603e0000683e0000e03d0000b63e000000009a9953420000803f0000803f00604642ec91ae4100000000ffffffff0000603e0000783e00000000000000000000603e0000683e0000e03d0000b63e000000009a9953420000803f0000803f006046427bf4d0c100000000ffffffff0000603e0000f03e00000000000000000000603e0000683e0000e03d0000b63e000000009a9953420000803f0000803f9a9953407bf4d0c100000000ffffffff000000000000f03e00000000000000000000603e0000683e0000e03d0000b63e000000009a9953420000803f0000803fcf845d42d8e3d84100000000ffffffff0000683e0000683e00000000000000000000683e0000683e0000ae3e0000ae3e000000009a9953420000803f0000803f01a4ce42d8e3d84100000000ffffffff0000e83e0000683e00000000000000000000683e0000683e0000ae3e0000ae3e000000009a9953420000803f0000803f01a4ce4290a2a6c100000000ffffffff0000e83e0000e83e00000000000000000000683e0000683e0000ae3e0000ae3e000000009a9953420000803f0000803fcf845d4290a2a6c100000000ffffffff0000683e0000e83e00000000000000000000683e0000683e0000ae3e0000ae3e000000009a9953420000803f0000803f
  m_CompressedMesh:
    m_Vertices:
      m_NumItems: 0
      m_Range: 0
      m_Start: 0
      m_Data: 
      m_BitSize: 0
    m_UV:
      m_NumItems: 0
      m_Range: 0
      m_Start: 0
      m_Data: 
      m_BitSize: 0
    m_Normals:
      m_NumItems: 0
      m_Range: 0
      m_Start: 0
      m_Data: 
      m_BitSize: 0
    m_Tangents:
      m_NumItems: 0
      m_Range: 0
      m_Start: 0
      m_Data: 
      m_BitSize: 0
    m_Weights:
      m_NumItems: 0
      m_Data: 
      m_BitSize: 0
    m_NormalSigns:
      m_NumItems: 0
      m_Data: 
      m_BitSize: 0
    m_TangentSigns:
      m_NumItems: 0
      m_Data: 
      m_BitSize: 0
    m_FloatColors:
      m_NumItems: 0
      m_Range: 0
      m_Start: 0
      m_Data: 
      m_BitSize: 0
    m_BoneIndices:
      m_NumItems: 0
      m_Data: 
      m_BitSize: 0
    m_Triangles:
      m_NumItems: 0
      m_Data: 
      m_BitSize: 0
    m_UVInfo: 0
  m_LocalAABB:
    m_Center: {x: -0.826561, y: -2.1490622, z: 0}
    m_Extent: {x: 104.14688, y: 29.260315, z: 0}
  m_MeshUsageFlags: 0
  m_BakedConvexCollisionMesh: 
  m_BakedTriangleCollisionMesh: 
  m_MeshMetrics[0]: 1
  m_MeshMetrics[1]: 1
  m_MeshOptimizationFlags: 1
  m_StreamData:
    serializedVersion: 2
    offset: 0
    size: 0
    path: 
--- !u!1 &2038529509
GameObject:
  m_ObjectHideFlags: 0
  m_CorrespondingSourceObject: {fileID: 0}
  m_PrefabInstance: {fileID: 0}
  m_PrefabAsset: {fileID: 0}
  serializedVersion: 6
  m_Component:
  - component: {fileID: 2038529510}
  - component: {fileID: 2038529511}
  m_Layer: 0
  m_Name: Square
  m_TagString: Untagged
  m_Icon: {fileID: 0}
  m_NavMeshLayer: 0
  m_StaticEditorFlags: 0
  m_IsActive: 1
--- !u!4 &2038529510
Transform:
  m_ObjectHideFlags: 0
  m_CorrespondingSourceObject: {fileID: 0}
  m_PrefabInstance: {fileID: 0}
  m_PrefabAsset: {fileID: 0}
  m_GameObject: {fileID: 2038529509}
  m_LocalRotation: {x: -0, y: -0, z: -0, w: 1}
  m_LocalPosition: {x: 0, y: 0, z: 0}
  m_LocalScale: {x: 0.6, y: 1, z: 1}
  m_ConstrainProportionsScale: 0
  m_Children: []
  m_Father: {fileID: 351406722}
  m_RootOrder: 0
  m_LocalEulerAnglesHint: {x: 0, y: 0, z: 0}
--- !u!212 &2038529511
SpriteRenderer:
  m_ObjectHideFlags: 0
  m_CorrespondingSourceObject: {fileID: 0}
  m_PrefabInstance: {fileID: 0}
  m_PrefabAsset: {fileID: 0}
  m_GameObject: {fileID: 2038529509}
  m_Enabled: 1
  m_CastShadows: 0
  m_ReceiveShadows: 0
  m_DynamicOccludee: 1
  m_StaticShadowCaster: 0
  m_MotionVectors: 1
  m_LightProbeUsage: 1
  m_ReflectionProbeUsage: 1
  m_RayTracingMode: 0
  m_RayTraceProcedural: 0
  m_RenderingLayerMask: 1
  m_RendererPriority: 0
  m_Materials:
  - {fileID: 2100000, guid: 415a5de44cae872459a21b152fbde7ec, type: 2}
  m_StaticBatchInfo:
    firstSubMesh: 0
    subMeshCount: 0
  m_StaticBatchRoot: {fileID: 0}
  m_ProbeAnchor: {fileID: 0}
  m_LightProbeVolumeOverride: {fileID: 0}
  m_ScaleInLightmap: 1
  m_ReceiveGI: 1
  m_PreserveUVs: 0
  m_IgnoreNormalsForChartDetection: 0
  m_ImportantGI: 0
  m_StitchLightmapSeams: 1
  m_SelectedEditorRenderState: 0
  m_MinimumChartSize: 4
  m_AutoUVMaxDistance: 0.5
  m_AutoUVMaxAngle: 89
  m_LightmapParameters: {fileID: 0}
  m_SortingLayerID: 0
  m_SortingLayer: 0
  m_SortingOrder: 0
  m_Sprite: {fileID: 21300000, guid: 0c926a2e165fa8d489b9dc4aa2b6e2bc, type: 3}
  m_Color: {r: 1, g: 1, b: 1, a: 1}
  m_FlipX: 0
  m_FlipY: 0
  m_DrawMode: 0
  m_Size: {x: 19.2, y: 10.8}
  m_AdaptiveModeThreshold: 0.5
  m_SpriteTileMode: 0
  m_WasSpriteAssigned: 1
  m_MaskInteraction: 0
  m_SpriteSortPoint: 0
--- !u!1 &2075039175
GameObject:
  m_ObjectHideFlags: 0
  m_CorrespondingSourceObject: {fileID: 0}
  m_PrefabInstance: {fileID: 0}
  m_PrefabAsset: {fileID: 0}
  serializedVersion: 6
  m_Component:
  - component: {fileID: 2075039176}
  m_Layer: 0
  m_Name: ShotWin
  m_TagString: Untagged
  m_Icon: {fileID: 0}
  m_NavMeshLayer: 0
  m_StaticEditorFlags: 0
  m_IsActive: 1
--- !u!4 &2075039176
Transform:
  m_ObjectHideFlags: 0
  m_CorrespondingSourceObject: {fileID: 0}
  m_PrefabInstance: {fileID: 0}
  m_PrefabAsset: {fileID: 0}
  m_GameObject: {fileID: 2075039175}
  m_LocalRotation: {x: 0, y: 0, z: 0, w: 1}
  m_LocalPosition: {x: 0, y: 0.7, z: 21.7}
  m_LocalScale: {x: 1, y: 1, z: 1}
  m_ConstrainProportionsScale: 0
  m_Children:
  - {fileID: 351406722}
  m_Father: {fileID: 0}
  m_RootOrder: 8
  m_LocalEulerAnglesHint: {x: 0, y: 0, z: 0}
--- !u!1001 &8443939308292987392
PrefabInstance:
  m_ObjectHideFlags: 0
  serializedVersion: 2
  m_Modification:
    m_TransformParent: {fileID: 0}
    m_Modifications:
    - target: {fileID: 8443939309053696251, guid: a11ab93f5f2ec25479829a7f3f4c824d, type: 3}
      propertyPath: m_Name
      value: DynamicFontFixer
      objectReference: {fileID: 0}
    - target: {fileID: 8443939309053696253, guid: a11ab93f5f2ec25479829a7f3f4c824d, type: 3}
      propertyPath: m_RootOrder
      value: 7
      objectReference: {fileID: 0}
    - target: {fileID: 8443939309053696253, guid: a11ab93f5f2ec25479829a7f3f4c824d, type: 3}
      propertyPath: m_LocalPosition.x
      value: 0
      objectReference: {fileID: 0}
    - target: {fileID: 8443939309053696253, guid: a11ab93f5f2ec25479829a7f3f4c824d, type: 3}
      propertyPath: m_LocalPosition.y
      value: 0
      objectReference: {fileID: 0}
    - target: {fileID: 8443939309053696253, guid: a11ab93f5f2ec25479829a7f3f4c824d, type: 3}
      propertyPath: m_LocalPosition.z
      value: 0
      objectReference: {fileID: 0}
    - target: {fileID: 8443939309053696253, guid: a11ab93f5f2ec25479829a7f3f4c824d, type: 3}
      propertyPath: m_LocalRotation.w
      value: 1
      objectReference: {fileID: 0}
    - target: {fileID: 8443939309053696253, guid: a11ab93f5f2ec25479829a7f3f4c824d, type: 3}
      propertyPath: m_LocalRotation.x
      value: 0
      objectReference: {fileID: 0}
    - target: {fileID: 8443939309053696253, guid: a11ab93f5f2ec25479829a7f3f4c824d, type: 3}
      propertyPath: m_LocalRotation.y
      value: 0
      objectReference: {fileID: 0}
    - target: {fileID: 8443939309053696253, guid: a11ab93f5f2ec25479829a7f3f4c824d, type: 3}
      propertyPath: m_LocalRotation.z
      value: 0
      objectReference: {fileID: 0}
    - target: {fileID: 8443939309053696253, guid: a11ab93f5f2ec25479829a7f3f4c824d, type: 3}
      propertyPath: m_LocalEulerAnglesHint.x
      value: 0
      objectReference: {fileID: 0}
    - target: {fileID: 8443939309053696253, guid: a11ab93f5f2ec25479829a7f3f4c824d, type: 3}
      propertyPath: m_LocalEulerAnglesHint.y
      value: 0
      objectReference: {fileID: 0}
    - target: {fileID: 8443939309053696253, guid: a11ab93f5f2ec25479829a7f3f4c824d, type: 3}
      propertyPath: m_LocalEulerAnglesHint.z
      value: 0
      objectReference: {fileID: 0}
    m_RemovedComponents: []
  m_SourcePrefab: {fileID: 100100000, guid: a11ab93f5f2ec25479829a7f3f4c824d, type: 3}
